<collection xmlns="http://www.loc.gov/MARC21/slim">
<record>
  <leader>00538nz  a2200157n  4500</leader>
  <controlfield tag="001">11258292</controlfield>
  <controlfield tag="003">DLC</controlfield>
  <controlfield tag="005">20200104073035.0</controlfield>
  <controlfield tag="008">200103n| azannaabn          |n aaa     c</controlfield>
  <datafield tag="010" ind1=" " ind2=" ">
    <subfield code="a">no2020000573</subfield>
  </datafield>
  <datafield tag="035" ind1=" " ind2=" ">
    <subfield code="a">(OCoLC)oca12668554</subfield>
  </datafield>
  <datafield tag="040" ind1=" " ind2=" ">
    <subfield code="a">IAhCCS</subfield>
    <subfield code="b">eng</subfield>
    <subfield code="e">rda</subfield>
    <subfield code="c">IAhCCS</subfield>
  </datafield>
  <datafield tag="046" ind1=" " ind2=" ">
    <subfield code="f">1915-02-22</subfield>
    <subfield code="g">1993-05-25</subfield>
    <subfield code="2">edtf</subfield>
  </datafield>
  <datafield tag="100" ind1="1" ind2=" ">
    <subfield code="a">Seymour, Dan,</subfield>
    <subfield code="d">1915-1993</subfield>
  </datafield>
  <datafield tag="670" ind1=" " ind2=" ">
    <subfield code="a">Return of the fly, 2019:</subfield>
    <subfield code="b">container (Dan Seymour; cast)</subfield>
  </datafield>
  <datafield tag="670" ind1=" " ind2=" ">
    <subfield code="a">IMDb, viewed Jan. 3, 2020</subfield>
    <subfield code="b">(Dan Seymour, b. Feb. 22, 1915; d. May 25, 1993)</subfield>
    <subfield code="u">https://www.imdb.com/name/nm0786811/</subfield>
  </datafield>
</record>