
<record>
  <leader>01047nz  a2200205n  4500</leader>
  <controlfield tag="001">11258293</controlfield>
  <controlfield tag="003">DLC</controlfield>
  <controlfield tag="005">20200104073035.0</controlfield>
  <controlfield tag="008">200103n| azannaabn          |a ana     c</controlfield>
  <datafield tag="010" ind1=" " ind2=" ">
    <subfield code="a">no2020000574</subfield>
  </datafield>
  <datafield tag="035" ind1=" " ind2=" ">
    <subfield code="a">(OCoLC)oca12668555</subfield>
  </datafield>
  <datafield tag="040" ind1=" " ind2=" ">
    <subfield code="a">InU</subfield>
    <subfield code="b">eng</subfield>
    <subfield code="e">rda</subfield>
    <subfield code="c">InU</subfield>
  </datafield>
  <datafield tag="046" ind1=" " ind2=" ">
    <subfield code="s">1954-09-26</subfield>
    <subfield code="2">edtf</subfield>
  </datafield>
  <datafield tag="110" ind1="2" ind2=" ">
    <subfield code="a">Musée de folklore (Mouscron, Belgium)</subfield>
  </datafield>
  <datafield tag="370" ind1=" " ind2=" ">
    <subfield code="e">Mouscron (Belgium)</subfield>
    <subfield code="2">naf</subfield>
  </datafield>
  <datafield tag="377" ind1=" " ind2=" ">
    <subfield code="a">naf</subfield>
  </datafield>
  <datafield tag="410" ind1="2" ind2=" ">
    <subfield code="a">Musée de folklore de Mouscron (Belgium)</subfield>
  </datafield>
  <datafield tag="410" ind1="2" ind2=" ">
    <subfield code="a">Musée de folklore, Mouscron (Belgium)</subfield>
  </datafield>
  <datafield tag="670" ind1=" " ind2=" ">
    <subfield code="a">Boudvin, Simon. Un nouveau musée, 2018:</subfield>
    <subfield code="b">page vii (Musée de folklore de Mouscron; province of Hainaut, Belgium) colophon (Musée de folklore)</subfield>
  </datafield>
  <datafield tag="670" ind1=" " ind2=" ">
    <subfield code="a">Musée de folklore website, January 3, 2020</subfield>
    <subfield code="b">(Musée de folklore; Rue des Brasseurs, Mouscron, Belgium; Musée de folklore-Mouscron; Musée de Folklore de Mouscron; Musée de Folklore, Mouscron; inaugurated September 26, 1954; created and protected by Léon Maes; restored and reopened in a new building September 21, 2019)</subfield>
    <subfield code="u">http://www.musee-mouscron.be/</subfield>
  </datafield>
</record>