
<record>
  <leader>00899nz  a2200205n  4500</leader>
  <controlfield tag="001">11258295</controlfield>
  <controlfield tag="003">DLC</controlfield>
  <controlfield tag="005">20200104073035.0</controlfield>
  <controlfield tag="008">200103n| azannaabn          |n aaa     c</controlfield>
  <datafield tag="010" ind1=" " ind2=" ">
    <subfield code="a">no2020000576</subfield>
  </datafield>
  <datafield tag="035" ind1=" " ind2=" ">
    <subfield code="a">(OCoLC)oca12668557</subfield>
  </datafield>
  <datafield tag="040" ind1=" " ind2=" ">
    <subfield code="a">FTaSU</subfield>
    <subfield code="b">eng</subfield>
    <subfield code="e">rda</subfield>
    <subfield code="c">FTaSU</subfield>
  </datafield>
  <datafield tag="046" ind1=" " ind2=" ">
    <subfield code="f">1918-10-20</subfield>
    <subfield code="g">1992-11-01</subfield>
    <subfield code="2">edtf</subfield>
  </datafield>
  <datafield tag="100" ind1="1" ind2=" ">
    <subfield code="a">Morrill, Arthur Gould,</subfield>
    <subfield code="d">1918-1992</subfield>
  </datafield>
  <datafield tag="370" ind1=" " ind2=" ">
    <subfield code="a">Albany (N.Y.)</subfield>
    <subfield code="b">Geauga (Ohio)</subfield>
    <subfield code="c">United States</subfield>
    <subfield code="2">naf</subfield>
  </datafield>
  <datafield tag="372" ind1=" " ind2=" ">
    <subfield code="a">World War, 1939-1945</subfield>
    <subfield code="2">lcsh</subfield>
  </datafield>
  <datafield tag="373" ind1=" " ind2=" ">
    <subfield code="a">United States. Army Air Forces</subfield>
    <subfield code="2">naf</subfield>
  </datafield>
  <datafield tag="375" ind1=" " ind2=" ">
    <subfield code="a">male</subfield>
  </datafield>
  <datafield tag="377" ind1=" " ind2=" ">
    <subfield code="a">eng</subfield>
  </datafield>
  <datafield tag="670" ind1=" " ind2=" ">
    <subfield code="a">Arthur Morrill Gould collection, 1941-1952:</subfield>
    <subfield code="b">Finding Aid-Biographical Historical Note (Arthur Gould Morrill was born in Albany, NY on October 20, 1918. He enlisted in the U.S. Army Air Corps as a private in New York, NY on August 18, 1941 ... Morrill passed away on November 1, 1992 in Geauga, Ohio)</subfield>
    <subfield code="u">http://purl.fcla.edu/fsu/WWII_19_0017</subfield>
  </datafield>
</record>