
<record>
  <leader>00982nz  a2200277n  4500</leader>
  <controlfield tag="001">11258297</controlfield>
  <controlfield tag="003">DLC</controlfield>
  <controlfield tag="005">20200104073035.0</controlfield>
  <controlfield tag="008">200103n| azabbaaan          |a aaa     c</controlfield>
  <datafield tag="010" ind1=" " ind2=" ">
    <subfield code="a">no2020000578</subfield>
  </datafield>
  <datafield tag="035" ind1=" " ind2=" ">
    <subfield code="a">(OCoLC)oca12668559</subfield>
  </datafield>
  <datafield tag="040" ind1=" " ind2=" ">
    <subfield code="a">ICrlF</subfield>
    <subfield code="b">eng</subfield>
    <subfield code="e">rda</subfield>
    <subfield code="c">ICrlF</subfield>
  </datafield>
  <datafield tag="046" ind1=" " ind2=" ">
    <subfield code="k">2018</subfield>
    <subfield code="2">edtf</subfield>
  </datafield>
  <datafield tag="100" ind1="1" ind2=" ">
    <subfield code="a">Piroddi, Chiara,</subfield>
    <subfield code="d">1982-</subfield>
    <subfield code="t">Montessori: un mondo di conquiste.</subfield>
    <subfield code="l">Spanish</subfield>
  </datafield>
  <datafield tag="370" ind1=" " ind2=" ">
    <subfield code="g">Barcelona (Spain)</subfield>
    <subfield code="2">naf</subfield>
  </datafield>
  <datafield tag="373" ind1=" " ind2=" ">
    <subfield code="a">VV Kids (Firm)</subfield>
    <subfield code="2">naf</subfield>
  </datafield>
  <datafield tag="377" ind1=" " ind2=" ">
    <subfield code="a">spa</subfield>
  </datafield>
  <datafield tag="400" ind1="1" ind2=" ">
    <subfield code="a">Piroddi, Chiara,</subfield>
    <subfield code="d">1982-</subfield>
    <subfield code="t">Montessori: un mundo de logros</subfield>
  </datafield>
  <datafield tag="430" ind1=" " ind2="0">
    <subfield code="a">Montessori: un mondo di conquiste.</subfield>
    <subfield code="l">Spanish</subfield>
  </datafield>
  <datafield tag="430" ind1=" " ind2="0">
    <subfield code="a">Montessori: un mundo de logros</subfield>
  </datafield>
  <datafield tag="643" ind1=" " ind2=" ">
    <subfield code="a">[Barcelona, Spain]</subfield>
    <subfield code="b">VV Kids</subfield>
  </datafield>
  <datafield tag="644" ind1=" " ind2=" ">
    <subfield code="a">f</subfield>
    <subfield code="5">ICrlF</subfield>
  </datafield>
  <datafield tag="645" ind1=" " ind2=" ">
    <subfield code="a">t</subfield>
    <subfield code="5">DPCC</subfield>
    <subfield code="5">ICrlF</subfield>
  </datafield>
  <datafield tag="646" ind1=" " ind2=" ">
    <subfield code="a">s</subfield>
    <subfield code="5">ICrlF</subfield>
  </datafield>
  <datafield tag="670" ind1=" " ind2=" ">
    <subfield code="a">Piroddi, Chiara. El primer libro de las emociones, c2018:</subfield>
    <subfield code="b">front cover (Montessori: un mundo de logros)</subfield>
  </datafield>
  <datafield tag="670" ind1=" " ind2=" ">
    <subfield code="a">OCLC, Jan. 3, 2020</subfield>
    <subfield code="b">(original Italian series title: Montessori: un mondo di conquiste)</subfield>
  </datafield>
</record>