
<record>
  <leader>00433nz  a2200133n  4500</leader>
  <controlfield tag="001">11258299</controlfield>
  <controlfield tag="003">DLC</controlfield>
  <controlfield tag="005">20200104073036.0</controlfield>
  <controlfield tag="008">200103n| azannaabn          |n aaa     c</controlfield>
  <datafield tag="010" ind1=" " ind2=" ">
    <subfield code="a">no2020000580</subfield>
  </datafield>
  <datafield tag="035" ind1=" " ind2=" ">
    <subfield code="a">(OCoLC)oca12668561</subfield>
  </datafield>
  <datafield tag="040" ind1=" " ind2=" ">
    <subfield code="a">CaBVa</subfield>
    <subfield code="b">eng</subfield>
    <subfield code="e">rda</subfield>
    <subfield code="c">CaBVa</subfield>
  </datafield>
  <datafield tag="100" ind1="1" ind2=" ">
    <subfield code="a">Manis, Gina</subfield>
  </datafield>
  <datafield tag="670" ind1=" " ind2=" ">
    <subfield code="a">The water princess, 2019:</subfield>
    <subfield code="b">title page (Gina Manis) about the author (Gina Manis grew up in South Alabama; this is her first book to publish)</subfield>
  </datafield>
</record>