
<record>
  <leader>00936nz  a2200193n  4500</leader>
  <controlfield tag="001">11258302</controlfield>
  <controlfield tag="003">DLC</controlfield>
  <controlfield tag="005">20200104073036.0</controlfield>
  <controlfield tag="008">200103n| azannaabn          |a aaa     c</controlfield>
  <datafield tag="010" ind1=" " ind2=" ">
    <subfield code="a">no2020000583</subfield>
  </datafield>
  <datafield tag="035" ind1=" " ind2=" ">
    <subfield code="a">(OCoLC)oca12668564</subfield>
  </datafield>
  <datafield tag="040" ind1=" " ind2=" ">
    <subfield code="a">UPB-Mu</subfield>
    <subfield code="b">eng</subfield>
    <subfield code="e">rda</subfield>
    <subfield code="c">UPB-Mu</subfield>
  </datafield>
  <datafield tag="100" ind1="1" ind2=" ">
    <subfield code="a">Chaminade, Cécile,</subfield>
    <subfield code="d">1857-1944.</subfield>
    <subfield code="t">Trios,</subfield>
    <subfield code="m">piano, violin, cello,</subfield>
    <subfield code="n">no. 1, op. 11,</subfield>
    <subfield code="r">G minor.</subfield>
    <subfield code="p">Presto leggiero</subfield>
  </datafield>
  <datafield tag="382" ind1="0" ind2=" ">
    <subfield code="a">piano</subfield>
    <subfield code="n">1</subfield>
    <subfield code="a">violin</subfield>
    <subfield code="n">1</subfield>
    <subfield code="a">cello</subfield>
    <subfield code="n">1</subfield>
    <subfield code="s">3</subfield>
    <subfield code="2">lcmpt</subfield>
  </datafield>
  <datafield tag="383" ind1=" " ind2=" ">
    <subfield code="a">no. 1</subfield>
    <subfield code="b">op. 11</subfield>
  </datafield>
  <datafield tag="384" ind1="0" ind2=" ">
    <subfield code="a">G major</subfield>
  </datafield>
  <datafield tag="400" ind1="1" ind2=" ">
    <subfield code="a">Chaminade, Cécile,</subfield>
    <subfield code="d">1857-1944.</subfield>
    <subfield code="t">Trios,</subfield>
    <subfield code="m">piano, violin, cello,</subfield>
    <subfield code="n">no. 1, op. 11,</subfield>
    <subfield code="r">G minor.</subfield>
    <subfield code="p">Scherzo</subfield>
  </datafield>
  <datafield tag="670" ind1=" " ind2=" ">
    <subfield code="a">Debut, 2008:</subfield>
    <subfield code="b">disc label (The Saint Michael Trio, Debut; Daniel Cher, violin, Michel Flexer, cello, Russell Hancock, piano) container (track 1, Cecile Chaminade, Scherzo (Presto leggiero), from Trio in G minor)</subfield>
  </datafield>
  <datafield tag="670" ind1=" " ind2=" ">
    <subfield code="a">Chaminade, C. Trio pour piano, violon et violoncelle, op. 11, 1995:</subfield>
    <subfield code="b">page 20 (Presto leggiero)</subfield>
  </datafield>
</record>