
<record>
  <leader>01143nz  a2200217n  4500</leader>
  <controlfield tag="001">11258303</controlfield>
  <controlfield tag="003">DLC</controlfield>
  <controlfield tag="005">20200104073036.0</controlfield>
  <controlfield tag="008">200103n| azannaabn          |n aaa     c</controlfield>
  <datafield tag="010" ind1=" " ind2=" ">
    <subfield code="a">no2020000584</subfield>
  </datafield>
  <datafield tag="035" ind1=" " ind2=" ">
    <subfield code="a">(OCoLC)oca12668565</subfield>
  </datafield>
  <datafield tag="040" ind1=" " ind2=" ">
    <subfield code="a">WaU</subfield>
    <subfield code="b">eng</subfield>
    <subfield code="e">rda</subfield>
    <subfield code="c">WaU</subfield>
  </datafield>
  <datafield tag="100" ind1="1" ind2=" ">
    <subfield code="a">Rottle, Nancy</subfield>
  </datafield>
  <datafield tag="370" ind1=" " ind2=" ">
    <subfield code="c">United States</subfield>
    <subfield code="f">Seattle (Wash.)</subfield>
    <subfield code="2">naf</subfield>
  </datafield>
  <datafield tag="372" ind1=" " ind2=" ">
    <subfield code="a">Landscape architecture</subfield>
    <subfield code="a">Sustainable design</subfield>
    <subfield code="2">lcsh</subfield>
  </datafield>
  <datafield tag="373" ind1=" " ind2=" ">
    <subfield code="a">University of Washington</subfield>
    <subfield code="2">naf</subfield>
    <subfield code="s">2001</subfield>
  </datafield>
  <datafield tag="374" ind1=" " ind2=" ">
    <subfield code="a">Landscape architects</subfield>
    <subfield code="2">lcdgt</subfield>
  </datafield>
  <datafield tag="375" ind1=" " ind2=" ">
    <subfield code="a">Females</subfield>
    <subfield code="2">lcdgt</subfield>
  </datafield>
  <datafield tag="377" ind1=" " ind2=" ">
    <subfield code="a">eng</subfield>
  </datafield>
  <datafield tag="670" ind1=" " ind2=" ">
    <subfield code="a">Alford, Brooke Marie. The cross-valley greenway, 2015:</subfield>
    <subfield code="b">title page (Committee: Nancy Rottle)</subfield>
  </datafield>
  <datafield tag="670" ind1=" " ind2=" ">
    <subfield code="a">University of Washington Landscape Architecture web page, January 3, 2020:</subfield>
    <subfield code="b">People &gt; Faculty + Staff &gt; Nancy Rottle (Professor Nancy Rottle brings over two decades of landscape architecture professional experience to her role at the UW, where she has been teaching since 2001. Her work centers upon design as a means to create places that are ecologically healthy, culturally meaningful, and educationally and experientially resonant)</subfield>
    <subfield code="u">http://larch.be.uw.edu/people/nancy-rottle/</subfield>
  </datafield>
</record>