
<record>
  <leader>00947nz  a2200205n  4500</leader>
  <controlfield tag="001">11258306</controlfield>
  <controlfield tag="003">DLC</controlfield>
  <controlfield tag="005">20200104073037.0</controlfield>
  <controlfield tag="008">200103n| azannaabn          |a ana     c</controlfield>
  <datafield tag="010" ind1=" " ind2=" ">
    <subfield code="a">no2020000587</subfield>
  </datafield>
  <datafield tag="035" ind1=" " ind2=" ">
    <subfield code="a">(OCoLC)oca12668568</subfield>
  </datafield>
  <datafield tag="040" ind1=" " ind2=" ">
    <subfield code="a">IEN</subfield>
    <subfield code="b">eng</subfield>
    <subfield code="e">rda</subfield>
    <subfield code="c">IEN</subfield>
  </datafield>
  <datafield tag="046" ind1=" " ind2=" ">
    <subfield code="s">2014-11-24</subfield>
    <subfield code="t">2014-11-28</subfield>
    <subfield code="2">edtf</subfield>
  </datafield>
  <datafield tag="110" ind1="2" ind2=" ">
    <subfield code="a">Nigerian Veterinary Medical Association.</subfield>
    <subfield code="b">Annual Congress</subfield>
    <subfield code="n">(51st :</subfield>
    <subfield code="d">2014 :</subfield>
    <subfield code="c">Kaduna, Nigeria)</subfield>
  </datafield>
  <datafield tag="368" ind1=" " ind2=" ">
    <subfield code="a">Congresses and conventions</subfield>
    <subfield code="2">lcsh</subfield>
  </datafield>
  <datafield tag="370" ind1=" " ind2=" ">
    <subfield code="e">Kaduna (Nigeria)</subfield>
    <subfield code="2">naf</subfield>
  </datafield>
  <datafield tag="372" ind1=" " ind2=" ">
    <subfield code="a">Veterinary medicine--Nigeria</subfield>
    <subfield code="2">lcsh</subfield>
  </datafield>
  <datafield tag="377" ind1=" " ind2=" ">
    <subfield code="a">eng</subfield>
  </datafield>
  <datafield tag="410" ind1="2" ind2=" ">
    <subfield code="a">Nigerian Veterinary Medical Association.</subfield>
    <subfield code="b">Annual Conference</subfield>
    <subfield code="n">(51st :</subfield>
    <subfield code="d">2014 :</subfield>
    <subfield code="c">Kaduna, Nigeria)</subfield>
  </datafield>
  <datafield tag="670" ind1=" " ind2=" ">
    <subfield code="a">The proceedings of the 51st Annual Conference of the Nigerian Veterinary Medical Association, 2014:</subfield>
    <subfield code="b">title page (held November 24-28, 2014 in Kaduna) running title (The proceedings of the 51st Annual Congress of the Nigerian Veterinary Medical Association (NVMA))</subfield>
  </datafield>
</record>