
<record>
  <leader>00977nz  a2200181n  4500</leader>
  <controlfield tag="001">11258308</controlfield>
  <controlfield tag="003">DLC</controlfield>
  <controlfield tag="005">20200104073038.0</controlfield>
  <controlfield tag="008">200103n| azannaabn          |n aaa     c</controlfield>
  <datafield tag="010" ind1=" " ind2=" ">
    <subfield code="a">no2020000589</subfield>
  </datafield>
  <datafield tag="035" ind1=" " ind2=" ">
    <subfield code="a">(OCoLC)oca12668570</subfield>
  </datafield>
  <datafield tag="040" ind1=" " ind2=" ">
    <subfield code="a">WMM</subfield>
    <subfield code="b">eng</subfield>
    <subfield code="e">rda</subfield>
    <subfield code="c">WMM</subfield>
  </datafield>
  <datafield tag="100" ind1="1" ind2=" ">
    <subfield code="a">Worsnip, Patrick</subfield>
  </datafield>
  <datafield tag="372" ind1=" " ind2=" ">
    <subfield code="a">Translating and interpreting</subfield>
    <subfield code="2">lcsh</subfield>
  </datafield>
  <datafield tag="374" ind1=" " ind2=" ">
    <subfield code="a">Translators</subfield>
    <subfield code="2">lcsh</subfield>
  </datafield>
  <datafield tag="375" ind1=" " ind2=" ">
    <subfield code="a">Males</subfield>
    <subfield code="2">lcdgt</subfield>
  </datafield>
  <datafield tag="377" ind1=" " ind2=" ">
    <subfield code="a">eng</subfield>
  </datafield>
  <datafield tag="670" ind1=" " ind2=" ">
    <subfield code="a">Propertius, Sextus. Poems of Sextus Propertius, 2018:</subfield>
    <subfield code="b">title page (edited &amp; translated by Patrick Worsnip) page 1 (after reading Classics and Modern Languages at Merton College, Oxford, Patrick Worsnip worked for more than forty years as a correspondent and editor for Reuters news agency, with postings in Italy, Russia, Poland, Iran, Lebanon, the US and the UK; since retiring in 2012 he has devoted himself to translation from Italian and Latin, and to magazine articles on Italian poetry. He divides his time between Cambridge and Umbria, Italy)</subfield>
  </datafield>
</record>