
<record>
  <leader>00880nz  a2200229n  4500</leader>
  <controlfield tag="001">11258309</controlfield>
  <controlfield tag="003">DLC</controlfield>
  <controlfield tag="005">20200104073038.0</controlfield>
  <controlfield tag="008">200103n| azaabaaan          |n ana     c</controlfield>
  <datafield tag="010" ind1=" " ind2=" ">
    <subfield code="a">no2020000590</subfield>
  </datafield>
  <datafield tag="035" ind1=" " ind2=" ">
    <subfield code="a">(OCoLC)oca12668571</subfield>
  </datafield>
  <datafield tag="040" ind1=" " ind2=" ">
    <subfield code="a">ICrlF</subfield>
    <subfield code="b">eng</subfield>
    <subfield code="e">rda</subfield>
    <subfield code="c">ICrlF</subfield>
  </datafield>
  <datafield tag="130" ind1=" " ind2="0">
    <subfield code="a">Science investigators (Cavendish Square Publishing LLC)</subfield>
  </datafield>
  <datafield tag="370" ind1=" " ind2=" ">
    <subfield code="g">New York (N.Y.)</subfield>
    <subfield code="2">naf</subfield>
  </datafield>
  <datafield tag="373" ind1=" " ind2=" ">
    <subfield code="a">Cavendish Square Publishing LLC</subfield>
    <subfield code="2">naf</subfield>
  </datafield>
  <datafield tag="380" ind1=" " ind2=" ">
    <subfield code="a">Series (Publications)</subfield>
    <subfield code="2">lcsh</subfield>
  </datafield>
  <datafield tag="643" ind1=" " ind2=" ">
    <subfield code="a">New York</subfield>
    <subfield code="b">Cavendish Square</subfield>
  </datafield>
  <datafield tag="644" ind1=" " ind2=" ">
    <subfield code="a">f</subfield>
    <subfield code="5">ICrlF</subfield>
  </datafield>
  <datafield tag="645" ind1=" " ind2=" ">
    <subfield code="a">t</subfield>
    <subfield code="5">DPCC</subfield>
    <subfield code="5">ICrlF</subfield>
  </datafield>
  <datafield tag="646" ind1=" " ind2=" ">
    <subfield code="a">s</subfield>
    <subfield code="5">ICrlF</subfield>
  </datafield>
  <datafield tag="670" ind1=" " ind2=" ">
    <subfield code="a">Thiel, Kristin. Investigating light and sound through modeling, 2020 :</subfield>
    <subfield code="b">title page (Science investigators) back cover (lists five other titles in series)</subfield>
  </datafield>
  <datafield tag="670" ind1=" " ind2=" ">
    <subfield code="a">Cavendish Square website, Jan. 3, 2020</subfield>
    <subfield code="b">(Investigating energy through modeling by Derek Miller, part of the series)</subfield>
  </datafield>
</record>