
<record>
  <leader>01763nz  a2200325n  4500</leader>
  <controlfield tag="001">11258312</controlfield>
  <controlfield tag="003">DLC</controlfield>
  <controlfield tag="005">20200104073038.0</controlfield>
  <controlfield tag="008">200103n| azannaabn          |a aaa      </controlfield>
  <datafield tag="010" ind1=" " ind2=" ">
    <subfield code="a">no2020000593</subfield>
  </datafield>
  <datafield tag="016" ind1=" " ind2=" ">
    <subfield code="a">1020K6206E</subfield>
  </datafield>
  <datafield tag="035" ind1=" " ind2=" ">
    <subfield code="a">(OCoLC)oca12668574</subfield>
  </datafield>
  <datafield tag="040" ind1=" " ind2=" ">
    <subfield code="a">CaOONL</subfield>
    <subfield code="b">eng</subfield>
    <subfield code="e">rda</subfield>
    <subfield code="c">CaOONL</subfield>
  </datafield>
  <datafield tag="042" ind1=" " ind2=" ">
    <subfield code="a">nlc</subfield>
  </datafield>
  <datafield tag="046" ind1=" " ind2=" ">
    <subfield code="f">1943</subfield>
    <subfield code="2">edtf</subfield>
  </datafield>
  <datafield tag="053" ind1=" " ind2="4">
    <subfield code="a">PS8635.O2287</subfield>
    <subfield code="5">CaOONL</subfield>
  </datafield>
  <datafield tag="100" ind1="1" ind2=" ">
    <subfield code="a">Robertson, S.</subfield>
    <subfield code="q">(Sally),</subfield>
    <subfield code="d">1943-</subfield>
  </datafield>
  <datafield tag="370" ind1=" " ind2=" ">
    <subfield code="a">Prince Edward Island</subfield>
    <subfield code="c">Canada</subfield>
    <subfield code="f">Australia</subfield>
    <subfield code="2">naf</subfield>
  </datafield>
  <datafield tag="370" ind1=" " ind2=" ">
    <subfield code="e">Vancouver Island (B.C.)</subfield>
    <subfield code="2">lcsh</subfield>
  </datafield>
  <datafield tag="372" ind1=" " ind2=" ">
    <subfield code="a">Nursing</subfield>
    <subfield code="a">Reiki (Healing system)</subfield>
    <subfield code="2">lcsh</subfield>
  </datafield>
  <datafield tag="373" ind1=" " ind2=" ">
    <subfield code="a">Curtin University of Technology</subfield>
    <subfield code="2">naf</subfield>
  </datafield>
  <datafield tag="374" ind1=" " ind2=" ">
    <subfield code="a">Nurses</subfield>
    <subfield code="2">lcsh</subfield>
  </datafield>
  <datafield tag="377" ind1=" " ind2=" ">
    <subfield code="a">eng</subfield>
  </datafield>
  <datafield tag="378" ind1=" " ind2=" ">
    <subfield code="q">Sally</subfield>
  </datafield>
  <datafield tag="400" ind1="1" ind2=" ">
    <subfield code="a">Robertson, Sally,</subfield>
    <subfield code="d">1943-</subfield>
  </datafield>
  <datafield tag="667" ind1=" " ind2=" ">
    <subfield code="a">The author of Healing time of the Celtic serpent is not the same person as the New Zealand opera singer.</subfield>
  </datafield>
  <datafield tag="670" ind1=" " ind2=" ">
    <subfield code="a">Healing time of the Celtic serpent, 2018 :</subfield>
    <subfield code="b">title page (by S. Robertson) page 4 of cover (Sally Robertson lives on Vancouver Island, British Columbia, Canada)</subfield>
  </datafield>
  <datafield tag="670" ind1=" " ind2=" ">
    <subfield code="a">Canadiana, January 3, 2020</subfield>
    <subfield code="b">(heading: Robertson, S. (Sally), 1943-; variant: Robertson, Sally, 1943-; Canadian)</subfield>
  </datafield>
  <datafield tag="670" ind1=" " ind2=" ">
    <subfield code="a">CCB Publishing website, viewed on January 3, 2020 :</subfield>
    <subfield code="b">S. Robertson page (Sally Robertson, born in Prince Edward Island; obtained her Bachelor and Master&apos;s degrees in Canada, and her PhD from Curtin University of Technology in Australia; she is a Usui Reiki Master and Karuna Reiki Master; co-author of Mission to India and Invitation to Canada; retired nurse)</subfield>
    <subfield code="u">http://www.ccbpublishing.com/9781771433419.html</subfield>
  </datafield>
  <datafield tag="670" ind1=" " ind2=" ">
    <subfield code="a">OCLC, January 3, 2020</subfield>
    <subfield code="b">(access points: Robertson, S. (Sally), 1943-; Robertson, S.; Robertson, Sally; predominant usage: S. Robertson; other usage: Sally Robertson)</subfield>
  </datafield>
</record>