
<record>
  <leader>00934nz  a2200193n  4500</leader>
  <controlfield tag="001">11258313</controlfield>
  <controlfield tag="003">DLC</controlfield>
  <controlfield tag="005">20200104073039.0</controlfield>
  <controlfield tag="008">200103n| azannaabn          |n aaa     c</controlfield>
  <datafield tag="010" ind1=" " ind2=" ">
    <subfield code="a">no2020000594</subfield>
  </datafield>
  <datafield tag="035" ind1=" " ind2=" ">
    <subfield code="a">(OCoLC)oca12668575</subfield>
  </datafield>
  <datafield tag="040" ind1=" " ind2=" ">
    <subfield code="a">MCM</subfield>
    <subfield code="b">eng</subfield>
    <subfield code="e">rda</subfield>
    <subfield code="c">MCM</subfield>
  </datafield>
  <datafield tag="100" ind1="1" ind2=" ">
    <subfield code="a">Yang, Dehua</subfield>
    <subfield code="c">(Materials scientist)</subfield>
  </datafield>
  <datafield tag="370" ind1=" " ind2=" ">
    <subfield code="e">Eden Prairie (Minn.)</subfield>
    <subfield code="2">naf</subfield>
  </datafield>
  <datafield tag="373" ind1=" " ind2=" ">
    <subfield code="a">Ebatco</subfield>
  </datafield>
  <datafield tag="373" ind1=" " ind2=" ">
    <subfield code="a">Zhongguo ke xue yuan</subfield>
    <subfield code="2">naf</subfield>
  </datafield>
  <datafield tag="374" ind1=" " ind2=" ">
    <subfield code="a">Materials scientists</subfield>
    <subfield code="a">Chemists</subfield>
    <subfield code="a">Executives</subfield>
    <subfield code="2">lcsh</subfield>
  </datafield>
  <datafield tag="670" ind1=" " ind2=" ">
    <subfield code="a">Materials characterization, 2019:</subfield>
    <subfield code="b">t.p. (ASM International Handbook Committee, division editors, Dehua Yang, Ebatco)</subfield>
  </datafield>
  <datafield tag="670" ind1=" " ind2=" ">
    <subfield code="a">Ebatco website, viewed on 2020-01-03:</subfield>
    <subfield code="b">executive profile, Dr Dehua Yang page (President of Ebatco, Eden Prairie, MN ; Ph.D., 1994, Physical Chemistry/Materials Science and Engineering, Lanzhou Institute of Chemical Physics, Chinese Academy of Sciences)</subfield>
    <subfield code="u">http://www.ebatco.com/about-us/executive-profile/dr-dehua-yang/</subfield>
  </datafield>
</record>