
<record>
  <leader>00502nz  a2200133n  4500</leader>
  <controlfield tag="001">11258320</controlfield>
  <controlfield tag="003">DLC</controlfield>
  <controlfield tag="005">20200104073039.0</controlfield>
  <controlfield tag="008">200103n| azannaabn          |n aaa     c</controlfield>
  <datafield tag="010" ind1=" " ind2=" ">
    <subfield code="a">no2020000604</subfield>
  </datafield>
  <datafield tag="035" ind1=" " ind2=" ">
    <subfield code="a">(OCoLC)oca12668585</subfield>
  </datafield>
  <datafield tag="040" ind1=" " ind2=" ">
    <subfield code="a">RPCL</subfield>
    <subfield code="b">eng</subfield>
    <subfield code="e">rda</subfield>
    <subfield code="c">RPCL</subfield>
  </datafield>
  <datafield tag="100" ind1="1" ind2=" ">
    <subfield code="a">Keith, Lauren</subfield>
  </datafield>
  <datafield tag="670" ind1=" " ind2=" ">
    <subfield code="a">The unique states of America, 2019:</subfield>
    <subfield code="b">title page (Amy C. Balfour, Alison Bing, Harmony Difo, Jay Gentile, Holly Hurst, Adam Karlin, Lauren Keith, Barbara Noe Kennedy, Alex Leviton, Emily Matchar [and 9 others])</subfield>
  </datafield>
</record>