
<record>
  <leader>01833nz  a2200229n  4500</leader>
  <controlfield tag="001">11258325</controlfield>
  <controlfield tag="003">DLC</controlfield>
  <controlfield tag="005">20200104073040.0</controlfield>
  <controlfield tag="008">200103n| azannaabn          |n aaa     c</controlfield>
  <datafield tag="010" ind1=" " ind2=" ">
    <subfield code="a">no2020000609</subfield>
  </datafield>
  <datafield tag="035" ind1=" " ind2=" ">
    <subfield code="a">(OCoLC)oca12668590</subfield>
  </datafield>
  <datafield tag="040" ind1=" " ind2=" ">
    <subfield code="a">WMM</subfield>
    <subfield code="b">eng</subfield>
    <subfield code="e">rda</subfield>
    <subfield code="c">WMM</subfield>
  </datafield>
  <datafield tag="100" ind1="1" ind2=" ">
    <subfield code="a">Jager, Katharine W.</subfield>
  </datafield>
  <datafield tag="370" ind1=" " ind2=" ">
    <subfield code="f">Houston (Tex.)</subfield>
    <subfield code="2">naf</subfield>
  </datafield>
  <datafield tag="373" ind1=" " ind2=" ">
    <subfield code="a">University of Houston Downtown</subfield>
    <subfield code="2">naf</subfield>
  </datafield>
  <datafield tag="374" ind1=" " ind2=" ">
    <subfield code="a">College teachers</subfield>
    <subfield code="2">lcsh</subfield>
  </datafield>
  <datafield tag="375" ind1=" " ind2=" ">
    <subfield code="a">Females</subfield>
    <subfield code="2">lcdgt</subfield>
  </datafield>
  <datafield tag="377" ind1=" " ind2=" ">
    <subfield code="a">eng</subfield>
  </datafield>
  <datafield tag="670" ind1=" " ind2=" ">
    <subfield code="a">Vernacular aesthetics in the later Middle Ages, 2019:</subfield>
    <subfield code="b">title page (edited by Katharine W. Jager) cover page 4 (a poet and medieval scholar; Associate Professor of English at the University of Houston--Downtown; has published essays on medieval aesthetics, the masculine performativity of chivalric speech acts, onomatopoeia and multimodality in alliterative verse, and aurality in late medieval English poetry)</subfield>
  </datafield>
  <datafield tag="670" ind1=" " ind2=" ">
    <subfield code="a">Academia.edu website, viewed December 18, 2019)</subfield>
    <subfield code="b">(Katherine Jager; medievalist poet, grammar scold; research interests: creative writing theory and pedagogy)</subfield>
    <subfield code="u">http://katharinejager.academia.edu/</subfield>
  </datafield>
  <datafield tag="670" ind1=" " ind2=" ">
    <subfield code="a">Sounding Out! website, viewed November 18, 2019</subfield>
    <subfield code="b">(Katharine Jager; recent publications include essays on aesthetics in Chaucer&apos;s Sir Thopas (Medieval Perspectives) and masculine speech acts in Sir Gawain and the Green Knight (Medieval Feminist Forum, forthcoming); and poetry in such journals as Found Magazine, Friends Journal, The Gettysburg Review, Commonweal and the anthology on the religious lyric Before the Door of God (Yale University Press).  She was for many years co-author with Jessica Barr of the Chaucer chapter for the Year&apos;s Work in English Studies (Oxford))</subfield>
    <subfield code="u">https://soundstudiesblog.com/katharine-jager/</subfield>
  </datafield>
  <datafield tag="670" ind1=" " ind2=" ">
    <subfield code="a">OCLC, viewed December 18, 2019</subfield>
    <subfield code="b">(headings: Jager, Katharine; Jager, Katherine W.)</subfield>
  </datafield>
</record>