
<record>
  <leader>00639nz  a2200169n  4500</leader>
  <controlfield tag="001">11258326</controlfield>
  <controlfield tag="003">DLC</controlfield>
  <controlfield tag="005">20200104073040.0</controlfield>
  <controlfield tag="008">200103n| azannaabn          |n aaa     c</controlfield>
  <datafield tag="010" ind1=" " ind2=" ">
    <subfield code="a">no2020000610</subfield>
  </datafield>
  <datafield tag="035" ind1=" " ind2=" ">
    <subfield code="a">(OCoLC)oca12668591</subfield>
  </datafield>
  <datafield tag="040" ind1=" " ind2=" ">
    <subfield code="a">TNJ</subfield>
    <subfield code="b">eng</subfield>
    <subfield code="e">rda</subfield>
    <subfield code="c">TNJ</subfield>
  </datafield>
  <datafield tag="100" ind1="1" ind2=" ">
    <subfield code="a">Gracia, Cristóbald</subfield>
  </datafield>
  <datafield tag="370" ind1=" " ind2=" ">
    <subfield code="c">Hungary</subfield>
  </datafield>
  <datafield tag="370" ind1=" " ind2=" ">
    <subfield code="c">Spain</subfield>
  </datafield>
  <datafield tag="372" ind1=" " ind2=" ">
    <subfield code="a">Computing platforms</subfield>
    <subfield code="2">lcsh</subfield>
  </datafield>
  <datafield tag="670" ind1=" " ind2=" ">
    <subfield code="a">Makkonen, Juho. The lean market place, 2018:</subfield>
    <subfield code="b">title page (Cristóbald Gracia) page 208 (builds peer-to-peer marketplaces; member of the Platform Design Toolkit team; advisor for marketplace startups; member of OuiShare; lives between Hungary and Spain)</subfield>
  </datafield>
</record>