
<record>
  <leader>00600nz  a2200181n  4500</leader>
  <controlfield tag="001">11258331</controlfield>
  <controlfield tag="003">DLC</controlfield>
  <controlfield tag="005">20200104073040.0</controlfield>
  <controlfield tag="008">200103n| azannaabn          |a ana     c</controlfield>
  <datafield tag="010" ind1=" " ind2=" ">
    <subfield code="a">no2020000615</subfield>
  </datafield>
  <datafield tag="016" ind1=" " ind2=" ">
    <subfield code="a">0068E4282E</subfield>
  </datafield>
  <datafield tag="035" ind1=" " ind2=" ">
    <subfield code="a">(OCoLC)oca12668596</subfield>
  </datafield>
  <datafield tag="040" ind1=" " ind2=" ">
    <subfield code="a">CaOONL</subfield>
    <subfield code="b">eng</subfield>
    <subfield code="e">rda</subfield>
    <subfield code="c">CaOONL</subfield>
  </datafield>
  <datafield tag="042" ind1=" " ind2=" ">
    <subfield code="a">nlc</subfield>
  </datafield>
  <datafield tag="110" ind1="1" ind2=" ">
    <subfield code="a">Ontario.</subfield>
    <subfield code="t">Arbitration Act, 1991</subfield>
  </datafield>
  <datafield tag="410" ind1="1" ind2=" ">
    <subfield code="a">Ontario.</subfield>
    <subfield code="t">Loi de 1991 sur l&apos;arbitrage</subfield>
  </datafield>
  <datafield tag="670" ind1=" " ind2=" ">
    <subfield code="a">Annotated Arbitration Act, 1991, 2016.</subfield>
  </datafield>
  <datafield tag="670" ind1=" " ind2=" ">
    <subfield code="a">LAC internal file, January 3, 2020</subfield>
    <subfield code="b">(access point: Ontario. Arbitration Act, 1991; variant: Ontario. Loi de 1991 sur l&apos;arbitrage)</subfield>
  </datafield>
</record>