
<record>
  <leader>01019nz  a2200229n  4500</leader>
  <controlfield tag="001">11258333</controlfield>
  <controlfield tag="003">DLC</controlfield>
  <controlfield tag="005">20200104073040.0</controlfield>
  <controlfield tag="008">200103n| azannaabn          |a aaa     c</controlfield>
  <datafield tag="010" ind1=" " ind2=" ">
    <subfield code="a">no2020000617</subfield>
  </datafield>
  <datafield tag="035" ind1=" " ind2=" ">
    <subfield code="a">(OCoLC)oca12668598</subfield>
  </datafield>
  <datafield tag="040" ind1=" " ind2=" ">
    <subfield code="a">MnU</subfield>
    <subfield code="b">eng</subfield>
    <subfield code="e">rda</subfield>
    <subfield code="c">MnU</subfield>
  </datafield>
  <datafield tag="100" ind1="1" ind2=" ">
    <subfield code="a">Nesbitt, Cecil J.</subfield>
    <subfield code="q">(Cecil James),</subfield>
    <subfield code="d">1912-2001</subfield>
  </datafield>
  <datafield tag="370" ind1=" " ind2=" ">
    <subfield code="c">Canada</subfield>
    <subfield code="2">naf</subfield>
  </datafield>
  <datafield tag="372" ind1=" " ind2=" ">
    <subfield code="a">Mathematics</subfield>
    <subfield code="a">Actuarial science</subfield>
    <subfield code="2">lcsh</subfield>
  </datafield>
  <datafield tag="374" ind1=" " ind2=" ">
    <subfield code="a">Mathematicians</subfield>
    <subfield code="a">Actuaries</subfield>
    <subfield code="2">lcsh</subfield>
  </datafield>
  <datafield tag="377" ind1=" " ind2=" ">
    <subfield code="a">eng</subfield>
  </datafield>
  <datafield tag="378" ind1=" " ind2=" ">
    <subfield code="q">Cecil James</subfield>
  </datafield>
  <datafield tag="400" ind1="1" ind2=" ">
    <subfield code="a">Nesbitt, C. J.</subfield>
    <subfield code="q">(Cecil James),</subfield>
    <subfield code="d">1912-2001</subfield>
  </datafield>
  <datafield tag="670" ind1=" " ind2=" ">
    <subfield code="a">Artin, Emil. Rings with minimum condition, 1944:</subfield>
    <subfield code="b">title page (Cecil J. Nesbitt)</subfield>
  </datafield>
  <datafield tag="670" ind1=" " ind2=" ">
    <subfield code="a">ISNI in VIAF, viewed January 3, 2020</subfield>
    <subfield code="b">(access point: Nesbitt, Cecil James, 1912-2001; Canadian mathematician and actuary; Ph.D, University of Toronto, 1937)</subfield>
    <subfield code="u">http://viaf.org/viaf/199995264</subfield>
  </datafield>
  <datafield tag="670" ind1=" " ind2=" ">
    <subfield code="a">OCLC, January 3, 2020</subfield>
    <subfield code="b">(access point: Nesbitt, Cecil J.; Nesbitt, Cecil James, 1912-2001; usage: Cecil J. Nesbitt; C.J. Nesbitt; C. Nesbitt; Cecil James Nesbitt)</subfield>
  </datafield>
</record>