
<record>
  <leader>00811nz  a2200193n  4500</leader>
  <controlfield tag="001">11258343</controlfield>
  <controlfield tag="003">DLC</controlfield>
  <controlfield tag="005">20200104073043.0</controlfield>
  <controlfield tag="008">200103n| azannaabn          |n ana     c</controlfield>
  <datafield tag="010" ind1=" " ind2=" ">
    <subfield code="a">no2020000627</subfield>
  </datafield>
  <datafield tag="035" ind1=" " ind2=" ">
    <subfield code="a">(OCoLC)oca12668608</subfield>
  </datafield>
  <datafield tag="040" ind1=" " ind2=" ">
    <subfield code="a">IEN</subfield>
    <subfield code="b">eng</subfield>
    <subfield code="e">rda</subfield>
    <subfield code="c">IEN</subfield>
  </datafield>
  <datafield tag="046" ind1=" " ind2=" ">
    <subfield code="s">2018-09-20</subfield>
    <subfield code="t">2018-09-21</subfield>
    <subfield code="2">edtf</subfield>
  </datafield>
  <datafield tag="110" ind1="2" ind2=" ">
    <subfield code="a">Endocrine and Metabolism Society of Nigeria.</subfield>
    <subfield code="b">Annual General Meeting and Scientific Conference</subfield>
    <subfield code="n">(40th :</subfield>
    <subfield code="d">2018 :</subfield>
    <subfield code="c">Lagos, Nigeria)</subfield>
  </datafield>
  <datafield tag="368" ind1=" " ind2=" ">
    <subfield code="a">Congresses and conventions</subfield>
    <subfield code="2">lcsh</subfield>
  </datafield>
  <datafield tag="370" ind1=" " ind2=" ">
    <subfield code="e">Lagos (Nigeria)</subfield>
    <subfield code="2">naf</subfield>
  </datafield>
  <datafield tag="372" ind1=" " ind2=" ">
    <subfield code="a">Endocrinology--Nigeria</subfield>
    <subfield code="a">Metabolism</subfield>
    <subfield code="2">lcsh</subfield>
  </datafield>
  <datafield tag="377" ind1=" " ind2=" ">
    <subfield code="a">eng</subfield>
  </datafield>
  <datafield tag="670" ind1=" " ind2=" ">
    <subfield code="a">Conference brochure &amp; book of abstracts, 2018:</subfield>
    <subfield code="b">cover (40th Annual General Meeting and Scientific Conference of the Endocrine and Metabolism Society of Nigeria, held September 20-21, 2018 in Lagos)</subfield>
  </datafield>
</record>