
<record>
  <leader>00618nz  a2200205n  4500</leader>
  <controlfield tag="001">11258345</controlfield>
  <controlfield tag="003">DLC</controlfield>
  <controlfield tag="005">20200104073043.0</controlfield>
  <controlfield tag="008">200103n| azabaaaan          |a aaa     c</controlfield>
  <datafield tag="010" ind1=" " ind2=" ">
    <subfield code="a">no2020000632</subfield>
  </datafield>
  <datafield tag="035" ind1=" " ind2=" ">
    <subfield code="a">(OCoLC)oca12669203</subfield>
  </datafield>
  <datafield tag="040" ind1=" " ind2=" ">
    <subfield code="a">ICU</subfield>
    <subfield code="b">eng</subfield>
    <subfield code="e">rda</subfield>
    <subfield code="c">ICU</subfield>
  </datafield>
  <datafield tag="100" ind1="1" ind2=" ">
    <subfield code="a">Lemm, Alfred,</subfield>
    <subfield code="d">1889-1918.</subfield>
    <subfield code="t">Works.</subfield>
    <subfield code="f">2018</subfield>
  </datafield>
  <datafield tag="400" ind1="1" ind2=" ">
    <subfield code="a">Lemm, Alfred,</subfield>
    <subfield code="d">1889-1918.</subfield>
    <subfield code="t">Werke.</subfield>
    <subfield code="f">2018</subfield>
  </datafield>
  <datafield tag="642" ind1=" " ind2=" ">
    <subfield code="a">Bd. 1</subfield>
    <subfield code="5">DPCC</subfield>
    <subfield code="5">ICU</subfield>
  </datafield>
  <datafield tag="643" ind1=" " ind2=" ">
    <subfield code="a">Hannover</subfield>
    <subfield code="b">Wehrhahn Verlag</subfield>
  </datafield>
  <datafield tag="644" ind1=" " ind2=" ">
    <subfield code="a">f</subfield>
    <subfield code="5">ICU</subfield>
  </datafield>
  <datafield tag="645" ind1=" " ind2=" ">
    <subfield code="a">t</subfield>
    <subfield code="5">DPCC</subfield>
    <subfield code="5">ICU</subfield>
  </datafield>
  <datafield tag="646" ind1=" " ind2=" ">
    <subfield code="a">s</subfield>
    <subfield code="5">ICU</subfield>
  </datafield>
  <datafield tag="670" ind1=" " ind2=" ">
    <subfield code="a">Lemm, Alfred. Der fliehende Felician, 2018 :</subfield>
    <subfield code="b">series title page (Werke / Alfred Lemm ; Band 1).</subfield>
  </datafield>
</record>