
<record>
  <leader>00863nz  a2200217n  4500</leader>
  <controlfield tag="001">11258346</controlfield>
  <controlfield tag="003">DLC</controlfield>
  <controlfield tag="005">20200104073043.0</controlfield>
  <controlfield tag="008">200103n| azannaabn          |a aaa     c</controlfield>
  <datafield tag="010" ind1=" " ind2=" ">
    <subfield code="a">no2020000633</subfield>
  </datafield>
  <datafield tag="035" ind1=" " ind2=" ">
    <subfield code="a">(OCoLC)oca12669204</subfield>
  </datafield>
  <datafield tag="040" ind1=" " ind2=" ">
    <subfield code="a">NbPu</subfield>
    <subfield code="b">eng</subfield>
    <subfield code="e">rda</subfield>
    <subfield code="c">NN</subfield>
  </datafield>
  <datafield tag="046" ind1=" " ind2=" ">
    <subfield code="f">1989</subfield>
    <subfield code="2">edtf</subfield>
  </datafield>
  <datafield tag="100" ind1="1" ind2=" ">
    <subfield code="a">Ḥemo, Yaʻaḳov</subfield>
  </datafield>
  <datafield tag="370" ind1=" " ind2=" ">
    <subfield code="c">Israel</subfield>
  </datafield>
  <datafield tag="375" ind1=" " ind2=" ">
    <subfield code="a">male</subfield>
  </datafield>
  <datafield tag="377" ind1=" " ind2=" ">
    <subfield code="a">heb</subfield>
  </datafield>
  <datafield tag="400" ind1="1" ind2=" ">
    <subfield code="a">Ḥamu, Yaʻaḳov</subfield>
  </datafield>
  <datafield tag="400" ind1="1" ind2=" ">
    <subfield code="a">חמו, יעקב</subfield>
  </datafield>
  <datafield tag="670" ind1=" " ind2=" ">
    <subfield code="a">Ḥemo, Yaʻaḳov. Milta di-vediḥuta, 778, 2017 or 2018:</subfield>
    <subfield code="b">title page (Ḥemo. Yaʻaḳov)</subfield>
  </datafield>
  <datafield tag="670" ind1=" " ind2=" ">
    <subfield code="a">Horowitz, Ariel. Laugh, for God&apos;s sake Haaretz online March 25, 2017 (viewed August 14, 2019)</subfield>
    <subfield code="b">(Yaakov Hemo, a 28-year-old stand-up comedian who has become newly religious) photo</subfield>
    <subfield code="u">https://www.haaretz.com/israel-news/.premium.MAGAZINE-laugh-for-god-s-sake-the-world-of-ultra-orthodox-comedy-1.5452614</subfield>
  </datafield>
</record>