
<record>
  <leader>00704nz  a2200181n  4500</leader>
  <controlfield tag="001">11258347</controlfield>
  <controlfield tag="003">DLC</controlfield>
  <controlfield tag="005">20200104073044.0</controlfield>
  <controlfield tag="008">200103n| azannaabn          la and     c</controlfield>
  <datafield tag="010" ind1=" " ind2=" ">
    <subfield code="a">no2020000634</subfield>
  </datafield>
  <datafield tag="035" ind1=" " ind2=" ">
    <subfield code="a">(OCoLC)oca12669205</subfield>
  </datafield>
  <datafield tag="040" ind1=" " ind2=" ">
    <subfield code="a">OrAhW</subfield>
    <subfield code="b">eng</subfield>
    <subfield code="e">rda</subfield>
    <subfield code="c">OrAhW</subfield>
  </datafield>
  <datafield tag="110" ind1="1" ind2=" ">
    <subfield code="a">Washington County (Or.).</subfield>
    <subfield code="b">Office of Community Development</subfield>
  </datafield>
  <datafield tag="368" ind1=" " ind2=" ">
    <subfield code="b">Counties</subfield>
    <subfield code="2">lcsh</subfield>
  </datafield>
  <datafield tag="371" ind1=" " ind2=" ">
    <subfield code="a">328 West Main MS#7</subfield>
    <subfield code="b">Hillsboro</subfield>
    <subfield code="d">Oregon</subfield>
    <subfield code="e">97123</subfield>
  </datafield>
  <datafield tag="377" ind1=" " ind2=" ">
    <subfield code="a">eng</subfield>
  </datafield>
  <datafield tag="410" ind1="2" ind2=" ">
    <subfield code="a">Office of Community Development (Washington County, Or.)</subfield>
  </datafield>
  <datafield tag="670" ind1=" " ind2=" ">
    <subfield code="a">2020-2024 consolidated plan, Washington County, Beaverton, Hillsboro, 2019:</subfield>
    <subfield code="b">cover (Washington County, Office of Community Development, 328 West Main MS#7, Hillsboro, Oregon 97123)</subfield>
  </datafield>
</record>