
<record>
  <leader>00395nz  a2200133n  4500</leader>
  <controlfield tag="001">11258352</controlfield>
  <controlfield tag="003">DLC</controlfield>
  <controlfield tag="005">20200104073044.0</controlfield>
  <controlfield tag="008">200103n| azannaabn          |n aaa     c</controlfield>
  <datafield tag="010" ind1=" " ind2=" ">
    <subfield code="a">no2020000639</subfield>
  </datafield>
  <datafield tag="035" ind1=" " ind2=" ">
    <subfield code="a">(OCoLC)oca12669210</subfield>
  </datafield>
  <datafield tag="040" ind1=" " ind2=" ">
    <subfield code="a">IEN</subfield>
    <subfield code="b">eng</subfield>
    <subfield code="e">rda</subfield>
    <subfield code="c">IEN</subfield>
  </datafield>
  <datafield tag="100" ind1="1" ind2=" ">
    <subfield code="a">Diarra, Andrey S.</subfield>
  </datafield>
  <datafield tag="670" ind1=" " ind2=" ">
    <subfield code="a">Hamou-Béya, pêcheurs de sable, 2014:</subfield>
    <subfield code="b">title frames (Andrey S. Diarra, screenwriter and director)</subfield>
  </datafield>
</record>