
<record>
  <leader>00976nz  a2200217n  4500</leader>
  <controlfield tag="001">11258357</controlfield>
  <controlfield tag="003">DLC</controlfield>
  <controlfield tag="005">20200104073045.0</controlfield>
  <controlfield tag="008">200103n| azannaabn          |a aaa     c</controlfield>
  <datafield tag="010" ind1=" " ind2=" ">
    <subfield code="a">no2020000644</subfield>
  </datafield>
  <datafield tag="035" ind1=" " ind2=" ">
    <subfield code="a">(OCoLC)oca12669735</subfield>
  </datafield>
  <datafield tag="040" ind1=" " ind2=" ">
    <subfield code="a">MH-Mu</subfield>
    <subfield code="b">eng</subfield>
    <subfield code="e">rda</subfield>
    <subfield code="c">MH-Mu</subfield>
  </datafield>
  <datafield tag="046" ind1=" " ind2=" ">
    <subfield code="g">1765</subfield>
    <subfield code="2">edtf</subfield>
  </datafield>
  <datafield tag="100" ind1="1" ind2=" ">
    <subfield code="a">Melani, Girolamo,</subfield>
    <subfield code="d">-1765</subfield>
  </datafield>
  <datafield tag="370" ind1=" " ind2=" ">
    <subfield code="e">Ferrara (Italy)</subfield>
    <subfield code="2">naf</subfield>
  </datafield>
  <datafield tag="374" ind1=" " ind2=" ">
    <subfield code="a">Librettists</subfield>
    <subfield code="2">lcsh</subfield>
  </datafield>
  <datafield tag="400" ind1="1" ind2=" ">
    <subfield code="a">Mellani, Girolamo,</subfield>
    <subfield code="d">-1765</subfield>
  </datafield>
  <datafield tag="400" ind1="1" ind2=" ">
    <subfield code="a">Iranese, Lealgo,</subfield>
    <subfield code="d">-1765</subfield>
  </datafield>
  <datafield tag="400" ind1="1" ind2=" ">
    <subfield code="a">Pallenio, Isandro,</subfield>
    <subfield code="d">-1765</subfield>
  </datafield>
  <datafield tag="670" ind1=" " ind2=" ">
    <subfield code="a">Martini, Giovanni Battista. L&apos;assunzione di Salomone al trono d&apos;Israelle, 2019:</subfield>
    <subfield code="b">page iii (Girolamo Melani, librettist; also known as Lealgo Iranese, Isandro Pallenio; died in 1765; secretary of the Archibishop of Ferrara; author of various works, including poetry and libretto for oratorios and cantatas)</subfield>
  </datafield>
  <datafield tag="670" ind1=" " ind2=" ">
    <subfield code="a">Weller, Emil. Lexikon Pseudonymorum, 1886</subfield>
    <subfield code="b">(Girolamo Melani, Girolamo Mellani, also known as Isandro Pallenio, Lealgo Iranese)</subfield>
  </datafield>
</record>