
<record>
  <leader>01536nz  a2200181n  4500</leader>
  <controlfield tag="001">11258358</controlfield>
  <controlfield tag="003">DLC</controlfield>
  <controlfield tag="005">20200104073045.0</controlfield>
  <controlfield tag="008">200103n| azannaabn          |n aaa     c</controlfield>
  <datafield tag="010" ind1=" " ind2=" ">
    <subfield code="a">no2020000645</subfield>
  </datafield>
  <datafield tag="035" ind1=" " ind2=" ">
    <subfield code="a">(OCoLC)oca12669736</subfield>
  </datafield>
  <datafield tag="040" ind1=" " ind2=" ">
    <subfield code="a">WMM</subfield>
    <subfield code="b">eng</subfield>
    <subfield code="e">rda</subfield>
    <subfield code="c">WMM</subfield>
  </datafield>
  <datafield tag="100" ind1="1" ind2=" ">
    <subfield code="a">Fontana, Antonio</subfield>
  </datafield>
  <datafield tag="370" ind1=" " ind2=" ">
    <subfield code="f">New York</subfield>
    <subfield code="2">naf</subfield>
  </datafield>
  <datafield tag="375" ind1=" " ind2=" ">
    <subfield code="a">Males</subfield>
    <subfield code="2">lcdgt</subfield>
  </datafield>
  <datafield tag="377" ind1=" " ind2=" ">
    <subfield code="a">eng</subfield>
  </datafield>
  <datafield tag="670" ind1=" " ind2=" ">
    <subfield code="a">Fontana, Antonio. Nietzsche and the critique of revolution, 2019:</subfield>
    <subfield code="b">title page (by Antonio Fontana) cover page 4 (received an M.A. in Liberal Studies with an emphasis on Modern Intellectual History from CUNY Graduate Center, USA, in 2012. He is particularly interested in 19th and 20th century German Romantic and English Victorian literature. Specifically, he is interested in the aestheticisation of political violence and political terror in Germany and Europe during World War II, and processes of political, social, and cultural dehumanization and their relation to aesthetics, aesthetic theory, and art. He is also interested in post-colonial theory and critical race theory, as well as neo- and post-Marxian analyses of literature and art)</subfield>
  </datafield>
  <datafield tag="670" ind1=" " ind2=" ">
    <subfield code="a">St John&apos;s [University] English Department website, viewed December 18, 2019</subfield>
    <subfield code="b">(Antonio Fontana; B.A. in Political Science and History, CUNY Brooklyn College, 2010; M.A in Liberal Studies with an emphasis in Modern Intellectual History, CUNY Graduate Center, 2012. Originally from Brooklyn, he started the program in the fall of 2016. He is a Graduate Assistant)</subfield>
    <subfield code="u">https://stjenglish.com/antonio-fontana/</subfield>
  </datafield>
</record>