
<record>
  <leader>00552nz  a2200169n  4500</leader>
  <controlfield tag="001">11258360</controlfield>
  <controlfield tag="003">DLC</controlfield>
  <controlfield tag="005">20200104073045.0</controlfield>
  <controlfield tag="008">200103n| azannaabn          |a aaa     c</controlfield>
  <datafield tag="010" ind1=" " ind2=" ">
    <subfield code="a">no2020000647</subfield>
  </datafield>
  <datafield tag="035" ind1=" " ind2=" ">
    <subfield code="a">(OCoLC)oca12669738</subfield>
  </datafield>
  <datafield tag="040" ind1=" " ind2=" ">
    <subfield code="a">ICrlF</subfield>
    <subfield code="b">eng</subfield>
    <subfield code="e">rda</subfield>
    <subfield code="c">ICrlF</subfield>
  </datafield>
  <datafield tag="046" ind1=" " ind2=" ">
    <subfield code="k">2019</subfield>
    <subfield code="2">edtf</subfield>
  </datafield>
  <datafield tag="100" ind1="1" ind2=" ">
    <subfield code="a">Parsons, Kimberly King.</subfield>
    <subfield code="t">Short stories.</subfield>
    <subfield code="k">Selections</subfield>
  </datafield>
  <datafield tag="380" ind1=" " ind2=" ">
    <subfield code="a">Shorts stories</subfield>
    <subfield code="2">lcsh</subfield>
  </datafield>
  <datafield tag="400" ind1="1" ind2=" ">
    <subfield code="a">Parsons, Kimberly King.</subfield>
    <subfield code="t">Black light</subfield>
  </datafield>
  <datafield tag="670" ind1=" " ind2=" ">
    <subfield code="a">Parsons, Kimberly King. Black light, 2019 :</subfield>
    <subfield code="b">contents (includes twelve stories, including Black light)</subfield>
  </datafield>
</record>