
<record>
  <leader>01091nz  a2200217n  4500</leader>
  <controlfield tag="001">11258361</controlfield>
  <controlfield tag="003">DLC</controlfield>
  <controlfield tag="005">20200104073045.0</controlfield>
  <controlfield tag="008">200103n| azannaabn          |n aaa     c</controlfield>
  <datafield tag="010" ind1=" " ind2=" ">
    <subfield code="a">no2020000648</subfield>
  </datafield>
  <datafield tag="035" ind1=" " ind2=" ">
    <subfield code="a">(OCoLC)oca12669739</subfield>
  </datafield>
  <datafield tag="040" ind1=" " ind2=" ">
    <subfield code="a">ICrlF</subfield>
    <subfield code="b">eng</subfield>
    <subfield code="e">rda</subfield>
    <subfield code="c">ICrlF</subfield>
  </datafield>
  <datafield tag="100" ind1="1" ind2=" ">
    <subfield code="a">Singh, Vikrant</subfield>
  </datafield>
  <datafield tag="370" ind1=" " ind2=" ">
    <subfield code="e">Delhi (India)</subfield>
    <subfield code="2">naf</subfield>
  </datafield>
  <datafield tag="372" ind1=" " ind2=" ">
    <subfield code="a">Illustrated books</subfield>
    <subfield code="2">lcsh</subfield>
  </datafield>
  <datafield tag="374" ind1=" " ind2=" ">
    <subfield code="a">Illustrators</subfield>
    <subfield code="2">lcsh</subfield>
  </datafield>
  <datafield tag="375" ind1=" " ind2=" ">
    <subfield code="a">Males</subfield>
    <subfield code="2">lcdgt</subfield>
  </datafield>
  <datafield tag="377" ind1=" " ind2=" ">
    <subfield code="a">eng</subfield>
  </datafield>
  <datafield tag="670" ind1=" " ind2=" ">
    <subfield code="a">Relyea, Gregg F. Trouble at the watering hole, 2017:</subfield>
    <subfield code="b">title page (illustrated by Vikrant Singh) title page verso (illustration and composition by Vikrant Singh (ART FACT INDIA)</subfield>
  </datafield>
  <datafield tag="670" ind1=" " ind2=" ">
    <subfield code="a">Bēhance website, viewed Jan. 3, 2020</subfield>
    <subfield code="b">(Vikrant Singh ; business owner ART FACT INDIA (AFI) ; New Delhi, India)</subfield>
    <subfield code="u">https://www.behance.net/artfactindia</subfield>
  </datafield>
  <datafield tag="670" ind1=" " ind2=" ">
    <subfield code="a">LinkedIn website, viewed Jan. 3, 2020</subfield>
    <subfield code="b">(Vikrant Singh ; founder, AFI Digital Services LLP, Best Animation Studios ; location: East Delhi, Delhi, India ; started his career as an illustrator in 2001. Although an engineer by education)</subfield>
    <subfield code="u">https://www.linkedin.com/in/singhvikrant/</subfield>
  </datafield>
</record>