
<record>
  <leader>02419nz  a2200253n  4500</leader>
  <controlfield tag="001">11258363</controlfield>
  <controlfield tag="003">DLC</controlfield>
  <controlfield tag="005">20200104073045.0</controlfield>
  <controlfield tag="008">200103n| azannaabn          |a ana     c</controlfield>
  <datafield tag="010" ind1=" " ind2=" ">
    <subfield code="a">no2020000650</subfield>
  </datafield>
  <datafield tag="035" ind1=" " ind2=" ">
    <subfield code="a">(OCoLC)oca12669741</subfield>
  </datafield>
  <datafield tag="040" ind1=" " ind2=" ">
    <subfield code="a">WaPS</subfield>
    <subfield code="b">eng</subfield>
    <subfield code="e">rda</subfield>
    <subfield code="c">WaPS</subfield>
  </datafield>
  <datafield tag="046" ind1=" " ind2=" ">
    <subfield code="s">2004</subfield>
    <subfield code="2">edtf</subfield>
  </datafield>
  <datafield tag="110" ind1="2" ind2=" ">
    <subfield code="a">Washington State University.</subfield>
    <subfield code="b">Program in Molecular Plant Sciences</subfield>
  </datafield>
  <datafield tag="370" ind1=" " ind2=" ">
    <subfield code="c">United States</subfield>
    <subfield code="e">Pullman (Wash.)</subfield>
    <subfield code="2">naf</subfield>
  </datafield>
  <datafield tag="371" ind1=" " ind2=" ">
    <subfield code="m">https://mps.wsu.edu/</subfield>
  </datafield>
  <datafield tag="372" ind1=" " ind2=" ">
    <subfield code="a">Plant molecular biology</subfield>
    <subfield code="a">Education, Higher</subfield>
    <subfield code="2">lcsh</subfield>
  </datafield>
  <datafield tag="377" ind1=" " ind2=" ">
    <subfield code="a">eng</subfield>
  </datafield>
  <datafield tag="410" ind1="2" ind2=" ">
    <subfield code="a">Washington State University.</subfield>
    <subfield code="b">Molecular Plant Sciences Program</subfield>
  </datafield>
  <datafield tag="510" ind1="2" ind2=" ">
    <subfield code="w">r</subfield>
    <subfield code="i">Hierarchical superior:</subfield>
    <subfield code="a">Washington State University</subfield>
  </datafield>
  <datafield tag="670" ind1=" " ind2=" ">
    <subfield code="a">Washington State University 2019 catalog, viewed Jan. 3, 2019:</subfield>
    <subfield code="b">page 308 (Program in Molecular Plant Sciences. mps.wsu.edu, 324 French Administration Bldg. Graduate study leading to the Doctor of Philosophy degree is offered as an interdepartmental curriculum by graduate faculty from the Departments of Crop and Soil Science, Electrical Engineering and Computer Science, Horticulture and Landscape Architecture, Molecular Biosciences, Plant Pathology, Biological Sciences, and the Institute of Biological Chemistry. The objectives of the program are to provide the graduate student with a broad knowledge in molecular plant sciences and with research experience in a chosen area within this discipline.)</subfield>
    <subfield code="u">https://registrar.wsu.edu/media/758613/current-wsu-catalog.pdf</subfield>
  </datafield>
  <datafield tag="670" ind1=" " ind2=" ">
    <subfield code="a">Molecular Plant Sciences, Washington State University (website), viewed Jan. 3, 2019:</subfield>
    <subfield code="b">home page (Graduate students in the Molecular Plant Sciences Program at WSU study with some of the best minds in America to understand the characteristics and mechanisms of plants. They use this knowledge to develop lifesaving medicines, keep our food safe, and evolve agricultural systems to feed expanding global populations. The Molecular Plant Sciences Program incorporates plant physiology, biochemistry, and molecular biology, and is considered one of the top programs of its kind in the world.)</subfield>
    <subfield code="u">https://mps.wsu.edu/</subfield>
  </datafield>
  <datafield tag="670" ind1=" " ind2=" ">
    <subfield code="a">Washington State University 2004-05 catalog, viewed Jan. 3, 2020 :</subfield>
    <subfield code="b">page 225 (Program in Molecular Plant Sciences)</subfield>
    <subfield code="u">http://hdl.handle.net/2376/6518</subfield>
  </datafield>
  <datafield tag="670" ind1=" " ind2=" ">
    <subfield code="a">Washington State University 2008-09 catalog, viewed Jan. 3, 2020 :</subfield>
    <subfield code="b">page 256 (Program in Molecular Plant Sciences)</subfield>
    <subfield code="u">http://hdl.handle.net/2376/6523</subfield>
  </datafield>
</record>