
<record>
  <leader>00854nz  a2200205n  4500</leader>
  <controlfield tag="001">11258366</controlfield>
  <controlfield tag="003">DLC</controlfield>
  <controlfield tag="005">20200104073046.0</controlfield>
  <controlfield tag="008">200103n| azannaabn          |a ana     c</controlfield>
  <datafield tag="010" ind1=" " ind2=" ">
    <subfield code="a">no2020000653</subfield>
  </datafield>
  <datafield tag="035" ind1=" " ind2=" ">
    <subfield code="a">(OCoLC)oca12669784</subfield>
  </datafield>
  <datafield tag="040" ind1=" " ind2=" ">
    <subfield code="a">CU-S</subfield>
    <subfield code="b">eng</subfield>
    <subfield code="e">rda</subfield>
    <subfield code="c">CU-S</subfield>
  </datafield>
  <datafield tag="046" ind1=" " ind2=" ">
    <subfield code="s">2018-10-03</subfield>
    <subfield code="t">2018-10-05</subfield>
    <subfield code="2">edtf</subfield>
  </datafield>
  <datafield tag="111" ind1="2" ind2=" ">
    <subfield code="a">Digital Tools &amp; Uses Congress</subfield>
    <subfield code="n">(1st :</subfield>
    <subfield code="d">2018 :</subfield>
    <subfield code="c">Paris, France)</subfield>
  </datafield>
  <datafield tag="368" ind1=" " ind2=" ">
    <subfield code="a">Congresses and conventions</subfield>
    <subfield code="2">lcsh</subfield>
  </datafield>
  <datafield tag="370" ind1=" " ind2=" ">
    <subfield code="e">Paris (France)</subfield>
    <subfield code="2">naf</subfield>
  </datafield>
  <datafield tag="372" ind1=" " ind2=" ">
    <subfield code="a">Information technology</subfield>
    <subfield code="a">World Wide Web</subfield>
    <subfield code="a">Internet of things</subfield>
    <subfield code="a">Online social networks</subfield>
    <subfield code="2">lcsh</subfield>
  </datafield>
  <datafield tag="377" ind1=" " ind2=" ">
    <subfield code="a">eng</subfield>
  </datafield>
  <datafield tag="411" ind1="2" ind2=" ">
    <subfield code="a">DTUC (Conference)</subfield>
    <subfield code="n">(1st :</subfield>
    <subfield code="d">2018 :</subfield>
    <subfield code="c">Paris, France)</subfield>
  </datafield>
  <datafield tag="670" ind1=" " ind2=" ">
    <subfield code="a">DTUC&apos;18, Digital Tools &amp; Uses Congress, 2018:</subfield>
    <subfield code="b">title page (DTUC&apos;18, Digital Tools &amp; Uses Congress : proceedings of the 1st International Conference : MSH Paris Nord, France, October 3-5, 2018)</subfield>
  </datafield>
</record>