
<record>
  <leader>00461nz  a2200133n  4500</leader>
  <controlfield tag="001">11258369</controlfield>
  <controlfield tag="003">DLC</controlfield>
  <controlfield tag="005">20200104073046.0</controlfield>
  <controlfield tag="008">200103n| azannaabn          |n aaa     c</controlfield>
  <datafield tag="010" ind1=" " ind2=" ">
    <subfield code="a">no2020000656</subfield>
  </datafield>
  <datafield tag="035" ind1=" " ind2=" ">
    <subfield code="a">(OCoLC)oca12669787</subfield>
  </datafield>
  <datafield tag="040" ind1=" " ind2=" ">
    <subfield code="a">RPCL</subfield>
    <subfield code="b">eng</subfield>
    <subfield code="e">rda</subfield>
    <subfield code="c">RPCL</subfield>
  </datafield>
  <datafield tag="100" ind1="1" ind2=" ">
    <subfield code="a">Grevera, Tom</subfield>
  </datafield>
  <datafield tag="670" ind1=" " ind2=" ">
    <subfield code="a">Jimmy Neutron. Sea of trouble, ©2003:</subfield>
    <subfield code="b">title frame (Animation supervisors, Matthew Russell, Tom Grevera ; editor, Jon Michael Price ; music composer, Charlie Brissette)</subfield>
  </datafield>
</record>