
<record>
  <leader>00795nz  a2200193n  4500</leader>
  <controlfield tag="001">11258371</controlfield>
  <controlfield tag="003">DLC</controlfield>
  <controlfield tag="005">20200104073047.0</controlfield>
  <controlfield tag="008">200103n| azannaabn          |a ana     c</controlfield>
  <datafield tag="010" ind1=" " ind2=" ">
    <subfield code="a">no2020000658</subfield>
  </datafield>
  <datafield tag="035" ind1=" " ind2=" ">
    <subfield code="a">(OCoLC)oca12669789</subfield>
  </datafield>
  <datafield tag="040" ind1=" " ind2=" ">
    <subfield code="a">MnHi</subfield>
    <subfield code="b">eng</subfield>
    <subfield code="e">rda</subfield>
    <subfield code="c">MnHi</subfield>
  </datafield>
  <datafield tag="110" ind1="2" ind2=" ">
    <subfield code="a">St. Hedwig&apos;s Catholic Church (Minneapolis, Minn.)</subfield>
  </datafield>
  <datafield tag="370" ind1=" " ind2=" ">
    <subfield code="c">United States</subfield>
    <subfield code="e">Minneapolis (Minn.)</subfield>
    <subfield code="2">naf</subfield>
  </datafield>
  <datafield tag="371" ind1=" " ind2=" ">
    <subfield code="a">129 29th Avenue NE</subfield>
    <subfield code="b">Minneapolis</subfield>
    <subfield code="c">Minnesota</subfield>
    <subfield code="e">55418</subfield>
  </datafield>
  <datafield tag="377" ind1=" " ind2=" ">
    <subfield code="a">eng</subfield>
  </datafield>
  <datafield tag="410" ind1="2" ind2=" ">
    <subfield code="a">Saint Hedwig&apos;s Catholic Church (Minneapolis, Minn.)</subfield>
  </datafield>
  <datafield tag="410" ind1="2" ind2=" ">
    <subfield code="a">Church of St. Hedwig (Minneapolis, Minn.)</subfield>
  </datafield>
  <datafield tag="670" ind1=" " ind2=" ">
    <subfield code="a">Feeding the flock (St. Hedwig&apos;s Catholic Church (Minneapolis, Minn.)), 2001:</subfield>
    <subfield code="b">title page (St. Hedwig&apos;s Catholic Church, 129 29th Avenue NE, Minneapolis, Minnesota 55418) cover (Church of St. Hedwig)</subfield>
  </datafield>
</record>