
<record>
  <leader>00822nz  a2200181n  4500</leader>
  <controlfield tag="001">11258373</controlfield>
  <controlfield tag="003">DLC</controlfield>
  <controlfield tag="005">20200104073047.0</controlfield>
  <controlfield tag="008">200103n| azannaabn          |a ana     c</controlfield>
  <datafield tag="010" ind1=" " ind2=" ">
    <subfield code="a">no2020000662</subfield>
  </datafield>
  <datafield tag="016" ind1=" " ind2=" ">
    <subfield code="a">1032D1558E</subfield>
  </datafield>
  <datafield tag="035" ind1=" " ind2=" ">
    <subfield code="a">(OCoLC)oca12670083</subfield>
  </datafield>
  <datafield tag="040" ind1=" " ind2=" ">
    <subfield code="a">CaOONL</subfield>
    <subfield code="b">eng</subfield>
    <subfield code="e">rda</subfield>
    <subfield code="c">CaOONL</subfield>
  </datafield>
  <datafield tag="042" ind1=" " ind2=" ">
    <subfield code="a">nlc</subfield>
  </datafield>
  <datafield tag="110" ind1="1" ind2=" ">
    <subfield code="a">Ontario.</subfield>
    <subfield code="t">Accessiblity for Ontarians with Disabilities Act, 2005</subfield>
  </datafield>
  <datafield tag="410" ind1="1" ind2=" ">
    <subfield code="a">Ontario.</subfield>
    <subfield code="t">Accessibilité pour les personnes handicapées de l&apos;Ontario, 2005</subfield>
  </datafield>
  <datafield tag="670" ind1=" " ind2=" ">
    <subfield code="a">Accessiblity for Ontarians with Disabilities Act implementation guide, 2013.</subfield>
  </datafield>
  <datafield tag="670" ind1=" " ind2=" ">
    <subfield code="a">Government of Ontario website, viewed on January 3, 2020</subfield>
    <subfield code="b">(Accessibility for Ontarians with Disabilities Act, 2005; French page: Accessibilité pour les personnes handicapées de l&apos;Ontario, 2005)</subfield>
    <subfield code="u">https://www.ontario.ca/laws/statute/05a11</subfield>
  </datafield>
</record>