
<record>
  <leader>01066nz  a2200205n  4500</leader>
  <controlfield tag="001">11258377</controlfield>
  <controlfield tag="003">DLC</controlfield>
  <controlfield tag="005">20200104073048.0</controlfield>
  <controlfield tag="008">200103n| azannaabn          |n aaa     c</controlfield>
  <datafield tag="010" ind1=" " ind2=" ">
    <subfield code="a">no2020000666</subfield>
  </datafield>
  <datafield tag="035" ind1=" " ind2=" ">
    <subfield code="a">(OCoLC)oca12670087</subfield>
  </datafield>
  <datafield tag="040" ind1=" " ind2=" ">
    <subfield code="a">FTaSU</subfield>
    <subfield code="b">eng</subfield>
    <subfield code="e">rda</subfield>
    <subfield code="c">FTaSU</subfield>
  </datafield>
  <datafield tag="046" ind1=" " ind2=" ">
    <subfield code="f">1911-04-13</subfield>
    <subfield code="g">1993-11-17</subfield>
    <subfield code="2">edtf</subfield>
  </datafield>
  <datafield tag="100" ind1="1" ind2=" ">
    <subfield code="a">Gantt, Charles Jackson,</subfield>
    <subfield code="d">1911-1993</subfield>
  </datafield>
  <datafield tag="370" ind1=" " ind2=" ">
    <subfield code="a">St. Louis (Mo.)</subfield>
    <subfield code="c">United States</subfield>
    <subfield code="f">Florida</subfield>
    <subfield code="2">naf</subfield>
  </datafield>
  <datafield tag="372" ind1=" " ind2=" ">
    <subfield code="a">World War, 1939-1945</subfield>
    <subfield code="2">lcsh</subfield>
  </datafield>
  <datafield tag="373" ind1=" " ind2=" ">
    <subfield code="a">United States. Army Air Forces. Weather Division</subfield>
    <subfield code="2">naf</subfield>
  </datafield>
  <datafield tag="375" ind1=" " ind2=" ">
    <subfield code="a">male</subfield>
  </datafield>
  <datafield tag="377" ind1=" " ind2=" ">
    <subfield code="a">eng</subfield>
  </datafield>
  <datafield tag="670" ind1=" " ind2=" ">
    <subfield code="a">Charles Jackson Gantt papers, 1942-1945:</subfield>
    <subfield code="b">Finding Aid-Biographical/Historical Note (Charles Jackson Gantt was born on April 13, 1911 in St. Louis, MO ... Gantt was drafted and entered service at Camp Blanding, FL Reception Center on April 3, 1942. Gantt tested well enough ... to qualify for Weather Forecaster with the U.S. Army Air Corps ... He passed away on November 17, 1997 and is buried in Woodlawn Memorial Park, Gotha, FL with his wife Alice)</subfield>
    <subfield code="u">http://purl.fcla.edu/fsu/WWII_19_0019</subfield>
  </datafield>
</record>