
<record>
  <leader>00749nz  a2200193n  4500</leader>
  <controlfield tag="001">11258378</controlfield>
  <controlfield tag="003">DLC</controlfield>
  <controlfield tag="005">20200104073049.0</controlfield>
  <controlfield tag="008">200103n| azannaabn          |n aaa     c</controlfield>
  <datafield tag="010" ind1=" " ind2=" ">
    <subfield code="a">no2020000667</subfield>
  </datafield>
  <datafield tag="035" ind1=" " ind2=" ">
    <subfield code="a">(OCoLC)oca12670088</subfield>
  </datafield>
  <datafield tag="040" ind1=" " ind2=" ">
    <subfield code="a">SdB</subfield>
    <subfield code="b">eng</subfield>
    <subfield code="e">rda</subfield>
    <subfield code="c">SdB</subfield>
  </datafield>
  <datafield tag="046" ind1=" " ind2=" ">
    <subfield code="f">1920-06-20</subfield>
    <subfield code="g">2015-05-23</subfield>
    <subfield code="2">edtf</subfield>
  </datafield>
  <datafield tag="100" ind1="1" ind2=" ">
    <subfield code="a">Mitchell, Martha,</subfield>
    <subfield code="d">1920-2015</subfield>
  </datafield>
  <datafield tag="370" ind1=" " ind2=" ">
    <subfield code="a">Clark (S.D.)</subfield>
    <subfield code="b">Watertown (S.D.)</subfield>
    <subfield code="c">United States</subfield>
    <subfield code="2">naf</subfield>
  </datafield>
  <datafield tag="377" ind1=" " ind2=" ">
    <subfield code="a">eng</subfield>
  </datafield>
  <datafield tag="378" ind1=" " ind2=" ">
    <subfield code="q">Martha Lorena</subfield>
  </datafield>
  <datafield tag="670" ind1=" " ind2=" ">
    <subfield code="a">Thorp township history, 1976:</subfield>
    <subfield code="b">title page (Mrs. Arthur (Martha) Mitchell)</subfield>
  </datafield>
  <datafield tag="670" ind1=" " ind2=" ">
    <subfield code="a">Find a Grave website, January 3, 2020</subfield>
    <subfield code="b">(Martha Lorena Mitchell; birth: 20 Jun 1920, Clark, Clark County, South Dakota, USA; death: 23 May 2015, Watertown, Codington County, South Dakota, USA)</subfield>
  </datafield>
</record>