
<record>
  <leader>01202nz  a2200241n  4500</leader>
  <controlfield tag="001">11258379</controlfield>
  <controlfield tag="003">DLC</controlfield>
  <controlfield tag="005">20200104073049.0</controlfield>
  <controlfield tag="008">200103n| azannaabn          |a aaa     c</controlfield>
  <datafield tag="010" ind1=" " ind2=" ">
    <subfield code="a">no2020000668</subfield>
  </datafield>
  <datafield tag="035" ind1=" " ind2=" ">
    <subfield code="a">(OCoLC)oca12670089</subfield>
  </datafield>
  <datafield tag="040" ind1=" " ind2=" ">
    <subfield code="a">CSdS</subfield>
    <subfield code="b">eng</subfield>
    <subfield code="e">rda</subfield>
    <subfield code="c">CSdS</subfield>
  </datafield>
  <datafield tag="046" ind1=" " ind2=" ">
    <subfield code="f">1984-01-29</subfield>
    <subfield code="2">edtf</subfield>
  </datafield>
  <datafield tag="100" ind1="1" ind2=" ">
    <subfield code="a">Ochoa, Sidharta,</subfield>
    <subfield code="d">1984-</subfield>
  </datafield>
  <datafield tag="370" ind1=" " ind2=" ">
    <subfield code="a">Tecate (Mexico)</subfield>
    <subfield code="f">Mexico City (Mexico)</subfield>
    <subfield code="2">naf</subfield>
  </datafield>
  <datafield tag="372" ind1=" " ind2=" ">
    <subfield code="a">Mexican literature</subfield>
    <subfield code="2">lcsh</subfield>
  </datafield>
  <datafield tag="374" ind1=" " ind2=" ">
    <subfield code="a">Authors ;</subfield>
    <subfield code="a">Essayists</subfield>
    <subfield code="2">lcsh</subfield>
  </datafield>
  <datafield tag="375" ind1=" " ind2=" ">
    <subfield code="a">Females</subfield>
    <subfield code="2">lcdgt</subfield>
  </datafield>
  <datafield tag="377" ind1=" " ind2=" ">
    <subfield code="a">spa</subfield>
  </datafield>
  <datafield tag="400" ind1="1" ind2=" ">
    <subfield code="a">Ochoa C., Sidharta,</subfield>
    <subfield code="d">1984-</subfield>
  </datafield>
  <datafield tag="670" ind1=" " ind2=" ">
    <subfield code="a">Historia de las feminazis en América, [2013]:</subfield>
    <subfield code="b">title page (Sidharta Ochoa) verso of title page (Sidharta Ochoa C.) page 12 (born in northern Mexico &quot;en el año de Orwell&quot;; literary author)</subfield>
  </datafield>
  <datafield tag="670" ind1=" " ind2=" ">
    <subfield code="a">Amazon.com website, viewed 12-18-2019</subfield>
    <subfield code="b">(under her title Tatema y tabú: born 1984 in Tecate, Mexico; &quot;Su trabajo académico gira en torno al capital social y los movimientos políticos en América Latina. Fue investigador visitante en FLACSO, Argentina en el 2011. Vive en el DF.&quot;)</subfield>
  </datafield>
  <datafield tag="670" ind1=" " ind2=" ">
    <subfield code="a">Historia de la literatura en México, viewed 01-03-2020</subfield>
    <subfield code="b">(Sidharta Ochoa; born Jan. 29, 1984; &quot;narradora y ensayista&quot;)</subfield>
  </datafield>
</record>