
<record>
  <leader>02781nz  a2200301n  4500</leader>
  <controlfield tag="001">11258380</controlfield>
  <controlfield tag="003">DLC</controlfield>
  <controlfield tag="005">20200104073049.0</controlfield>
  <controlfield tag="008">200103n| acannaabn          |a aaa     c</controlfield>
  <datafield tag="010" ind1=" " ind2=" ">
    <subfield code="a">no2020000669</subfield>
  </datafield>
  <datafield tag="035" ind1=" " ind2=" ">
    <subfield code="a">(OCoLC)oca12670090</subfield>
  </datafield>
  <datafield tag="040" ind1=" " ind2=" ">
    <subfield code="a">UPB</subfield>
    <subfield code="b">eng</subfield>
    <subfield code="c">UPB</subfield>
  </datafield>
  <datafield tag="046" ind1=" " ind2=" ">
    <subfield code="f">1897-09-13</subfield>
    <subfield code="g">1988-02-24</subfield>
    <subfield code="2">edtf</subfield>
  </datafield>
  <datafield tag="100" ind1="1" ind2=" ">
    <subfield code="a">Earl, Marion B.</subfield>
    <subfield code="q">(Marion Bradley),</subfield>
    <subfield code="d">1897-1988</subfield>
  </datafield>
  <datafield tag="370" ind1=" " ind2=" ">
    <subfield code="a">Bunkerville (Nev.)</subfield>
    <subfield code="b">Las Vegas (Nev.)</subfield>
    <subfield code="f">Bunkerville (Nev.)</subfield>
    <subfield code="f">Saint George (Utah)</subfield>
    <subfield code="f">Salt Lake City (Utah)</subfield>
    <subfield code="f">Washington (D.C.)</subfield>
    <subfield code="f">Las Vegas (Nev.)</subfield>
    <subfield code="2">naf</subfield>
  </datafield>
  <datafield tag="372" ind1=" " ind2=" ">
    <subfield code="a">Law</subfield>
    <subfield code="2">lcsh</subfield>
  </datafield>
  <datafield tag="373" ind1=" " ind2=" ">
    <subfield code="a">George Washington University</subfield>
    <subfield code="2">naf</subfield>
  </datafield>
  <datafield tag="373" ind1=" " ind2=" ">
    <subfield code="a">University of Utah</subfield>
    <subfield code="2">naf</subfield>
  </datafield>
  <datafield tag="373" ind1=" " ind2=" ">
    <subfield code="a">Dixie Normal College</subfield>
    <subfield code="2">naf</subfield>
  </datafield>
  <datafield tag="374" ind1=" " ind2=" ">
    <subfield code="a">Teachers</subfield>
    <subfield code="a">Lawyers</subfield>
    <subfield code="2">lcsh</subfield>
  </datafield>
  <datafield tag="375" ind1=" " ind2=" ">
    <subfield code="a">Males</subfield>
    <subfield code="2">lcdgt</subfield>
  </datafield>
  <datafield tag="377" ind1=" " ind2=" ">
    <subfield code="a">eng</subfield>
  </datafield>
  <datafield tag="378" ind1=" " ind2=" ">
    <subfield code="q">Marion Bradley</subfield>
  </datafield>
  <datafield tag="400" ind1="1" ind2=" ">
    <subfield code="a">Earl, Marion B.,</subfield>
    <subfield code="d">1896-1988</subfield>
  </datafield>
  <datafield tag="400" ind1="1" ind2=" ">
    <subfield code="a">Earl, Marion Bradley,</subfield>
    <subfield code="d">1897-1988</subfield>
  </datafield>
  <datafield tag="400" ind1="1" ind2=" ">
    <subfield code="a">Earl, Marion,</subfield>
    <subfield code="d">1897-1988</subfield>
  </datafield>
  <datafield tag="670" ind1=" " ind2=" ">
    <subfield code="a">The Marion B. and Rulon A. Earl professorship in the J. Reuben Clark Law School, Brigham Young University, 1990</subfield>
    <subfield code="b">cover (Rulon A. Earl professorship in the J. Reuben Clark Law School, Brigham Young University) unnumbered page 2 (Marion Bradley Earl ; Marion Earl; Clark County, Nevada School District dedicated the Marion Earl Elementary School for him on March 1, 1988, one day after funeral services; born September 13, 1897 in Bunkerville, Nevada to Joseph Ira Earl and Agnes Viola Bunker Earl; descendant of  Edward Bunker, Sr. who served in the Mormon Battalion) unnumbered page 3 (graduated from Bunkerville High School; attended Dixie Normal College; graduated fro University of Utah in 1922) unnumbered page 4 (taught at Moapa Valley High School; married Lucille Pike, another high school teacher, in the St. George Temple February 13, 1934 and bought a home in St. George; Marion worked at Beckley&apos;s Mens Store; moved to Washington, D.C. to enroll in Law School at George Washington University)  unnumbered page 5 (moved to Las Vegas following graduation and lived there the rest of his life; admitted to the Nevada Bar in 1932; Justice of the Peace in 1934 and served 2 terms) unnumbered page 6 (invited his younger brother to join him in practice of law and formed Earl &amp; Earl in Las Vegas; president of the Las Vegas Bar, member of the American Legion; president of the Las Vegas Rotary Club and served on the Las Vegas Chamber of Commerce; chairman of the Clark County Draft Board, 1946-1968) unnumbered page 7 (died February 24, 1988)</subfield>
  </datafield>
  <datafield tag="670" ind1=" " ind2=" ">
    <subfield code="a">Find a grave, website viewed December 27, 2019</subfield>
    <subfield code="b">(Marion Bradley Earl; birth 13 Sep 1897, Bunkerville, Clark County, Nevada; death 24 Feb 1988, Las Vegas, Clark County, Nevada; parents: Joseph Ira Earl, 1852-1934 and Agnes Viola Bunker Earl, 1868-1946; spouse Lucille Earl, 1899-1978)</subfield>
  </datafield>
</record>