
<record>
  <leader>00940nz  a2200205n  4500</leader>
  <controlfield tag="001">11258385</controlfield>
  <controlfield tag="003">DLC</controlfield>
  <controlfield tag="005">20200104073050.0</controlfield>
  <controlfield tag="008">200103n| azannaabn          |b ana     c</controlfield>
  <datafield tag="010" ind1=" " ind2=" ">
    <subfield code="a">no2020000674</subfield>
  </datafield>
  <datafield tag="035" ind1=" " ind2=" ">
    <subfield code="a">(OCoLC)oca12670095</subfield>
  </datafield>
  <datafield tag="040" ind1=" " ind2=" ">
    <subfield code="a">DHMM</subfield>
    <subfield code="b">eng</subfield>
    <subfield code="e">rda</subfield>
    <subfield code="c">DHMM</subfield>
  </datafield>
  <datafield tag="151" ind1=" " ind2=" ">
    <subfield code="a">Zolʹskai︠a︡ (Russia)</subfield>
  </datafield>
  <datafield tag="451" ind1=" " ind2=" ">
    <subfield code="a">Зольская (Russia)</subfield>
  </datafield>
  <datafield tag="451" ind1=" " ind2=" ">
    <subfield code="a">Zolʹskaya (Russia)</subfield>
  </datafield>
  <datafield tag="667" ind1=" " ind2=" ">
    <subfield code="a">Non-Latin script references not evaluated.</subfield>
  </datafield>
  <datafield tag="670" ind1=" " ind2=" ">
    <subfield code="a">US Holocaust Memorial Museum catalog, 3 January 2020</subfield>
    <subfield code="b">(Zolʹskai︠a︡ (Russia))</subfield>
  </datafield>
  <datafield tag="670" ind1=" " ind2=" ">
    <subfield code="a">GEOnet, 3 January 2020</subfield>
    <subfield code="b">(Zolʹskaya; PPL, 43°54ʹ31ʺN, 043°18ʹ04ʺE; Stavropolʹskiy Kray, Russia)</subfield>
  </datafield>
  <datafield tag="670" ind1=" " ind2=" ">
    <subfield code="a">Russian State Library, 3 January 2020</subfield>
    <subfield code="b">(Зольская, станица (Российская Федерация, Ставропольский край, Кировский район))</subfield>
    <subfield code="u">http://www.rsl.ru/ru/s97/s339/</subfield>
  </datafield>
  <datafield tag="781" ind1=" " ind2="0">
    <subfield code="z">Russia (Federation)</subfield>
    <subfield code="z">Zolʹskai︠a︡</subfield>
  </datafield>
</record>