
<record>
  <leader>00443nz  a2200133n  4500</leader>
  <controlfield tag="001">11258387</controlfield>
  <controlfield tag="003">DLC</controlfield>
  <controlfield tag="005">20200104073050.0</controlfield>
  <controlfield tag="008">200103n| azannaabn          |n ana     c</controlfield>
  <datafield tag="010" ind1=" " ind2=" ">
    <subfield code="a">no2020000676</subfield>
  </datafield>
  <datafield tag="035" ind1=" " ind2=" ">
    <subfield code="a">(OCoLC)oca12670097</subfield>
  </datafield>
  <datafield tag="040" ind1=" " ind2=" ">
    <subfield code="a">IEN</subfield>
    <subfield code="b">eng</subfield>
    <subfield code="e">rda</subfield>
    <subfield code="c">IEN</subfield>
  </datafield>
  <datafield tag="110" ind1="1" ind2=" ">
    <subfield code="a">Nigeria.</subfield>
    <subfield code="b">National Assembly.</subfield>
    <subfield code="b">Senate.</subfield>
    <subfield code="b">Committee on Solid Minerals</subfield>
  </datafield>
  <datafield tag="670" ind1=" " ind2=" ">
    <subfield code="a">Nigeria: an emerging solid minerals economy, 2008:</subfield>
    <subfield code="b">title page (Senate Committee on Solid Minerals)</subfield>
  </datafield>
</record>