
<record>
  <leader>01027nz  a2200241n  4500</leader>
  <controlfield tag="001">11258390</controlfield>
  <controlfield tag="003">DLC</controlfield>
  <controlfield tag="005">20200104073050.0</controlfield>
  <controlfield tag="008">200103n| azannaabn          |n aaa     c</controlfield>
  <datafield tag="010" ind1=" " ind2=" ">
    <subfield code="a">no2020000681</subfield>
  </datafield>
  <datafield tag="035" ind1=" " ind2=" ">
    <subfield code="a">(OCoLC)oca12670102</subfield>
  </datafield>
  <datafield tag="040" ind1=" " ind2=" ">
    <subfield code="a">DeU</subfield>
    <subfield code="b">eng</subfield>
    <subfield code="e">rda</subfield>
    <subfield code="c">DeU</subfield>
  </datafield>
  <datafield tag="046" ind1=" " ind2=" ">
    <subfield code="f">1840</subfield>
    <subfield code="g">1911</subfield>
    <subfield code="2">edtf</subfield>
  </datafield>
  <datafield tag="100" ind1="1" ind2=" ">
    <subfield code="a">Weichelt, August,</subfield>
    <subfield code="d">1840-1911</subfield>
  </datafield>
  <datafield tag="370" ind1=" " ind2=" ">
    <subfield code="a">Dresden (Germany)</subfield>
    <subfield code="c">Germany</subfield>
    <subfield code="c">England</subfield>
    <subfield code="c">Belgium</subfield>
    <subfield code="e">Dresden (Germany)</subfield>
    <subfield code="2">naf</subfield>
  </datafield>
  <datafield tag="370" ind1=" " ind2=" ">
    <subfield code="b">Ottendorf-Okrilla (Saxony, Germany)</subfield>
  </datafield>
  <datafield tag="372" ind1=" " ind2=" ">
    <subfield code="a">Paper mills</subfield>
    <subfield code="a">Papermaking</subfield>
    <subfield code="a">Locks and keys</subfield>
    <subfield code="2">lcsh</subfield>
  </datafield>
  <datafield tag="373" ind1=" " ind2=" ">
    <subfield code="a">C. Th. Kretzschmar</subfield>
  </datafield>
  <datafield tag="374" ind1=" " ind2=" ">
    <subfield code="a">Papermakers</subfield>
    <subfield code="a">Locksmiths</subfield>
    <subfield code="2">lcsh</subfield>
  </datafield>
  <datafield tag="375" ind1=" " ind2=" ">
    <subfield code="a">male</subfield>
  </datafield>
  <datafield tag="377" ind1=" " ind2=" ">
    <subfield code="a">ger</subfield>
  </datafield>
  <datafield tag="670" ind1=" " ind2=" ">
    <subfield code="a">Buntpapier-fabrikation, 19--?:</subfield>
    <subfield code="b">title page (August Weichelt)</subfield>
  </datafield>
  <datafield tag="670" ind1=" " ind2=" ">
    <subfield code="a">German National Library, December 18, 2019</subfield>
    <subfield code="b">(Weichelt, August; male; 1840-1911; born and active in Dresden, died in Ottendorf-Orkrilla;  locksmith, fitter, journeyman then technical manager in at the colored paper factory C. Th. Kretzschmar in Dresden; later active in England and Belgium)</subfield>
  </datafield>
</record>