
<record>
  <leader>00575nz  a2200145n  4500</leader>
  <controlfield tag="001">11258391</controlfield>
  <controlfield tag="003">DLC</controlfield>
  <controlfield tag="005">20200104073050.0</controlfield>
  <controlfield tag="008">200103n| azannaabn          |a aaa     c</controlfield>
  <datafield tag="010" ind1=" " ind2=" ">
    <subfield code="a">no2020000682</subfield>
  </datafield>
  <datafield tag="035" ind1=" " ind2=" ">
    <subfield code="a">(OCoLC)oca12670103</subfield>
  </datafield>
  <datafield tag="040" ind1=" " ind2=" ">
    <subfield code="a">ICU</subfield>
    <subfield code="b">eng</subfield>
    <subfield code="e">rda</subfield>
    <subfield code="c">ICU</subfield>
  </datafield>
  <datafield tag="100" ind1="1" ind2=" ">
    <subfield code="a">Russell, Bertrand,</subfield>
    <subfield code="d">1872-1970.</subfield>
    <subfield code="t">Why I am not a Christian.</subfield>
    <subfield code="l">Polish</subfield>
    <subfield code="s">(Kurlandzka)</subfield>
  </datafield>
  <datafield tag="400" ind1="1" ind2=" ">
    <subfield code="a">Russell, Bertrand,</subfield>
    <subfield code="d">1872-1970.</subfield>
    <subfield code="t">Dlaczego nie jestem chrześcijaninem</subfield>
  </datafield>
  <datafield tag="670" ind1=" " ind2=" ">
    <subfield code="a">Russell, Bertrand. Dlaczego nie jestem chrześcijaninem, 1956:</subfield>
    <subfield code="b">title page verso (tłumaczyła [= translated by] Amelia Kurlandzka)</subfield>
  </datafield>
</record>