
<record>
  <leader>01067nz  a2200205n  4500</leader>
  <controlfield tag="001">11258392</controlfield>
  <controlfield tag="003">DLC</controlfield>
  <controlfield tag="005">20200104073050.0</controlfield>
  <controlfield tag="008">200103n| azannaabn          |a ana     c</controlfield>
  <datafield tag="010" ind1=" " ind2=" ">
    <subfield code="a">no2020000683</subfield>
  </datafield>
  <datafield tag="035" ind1=" " ind2=" ">
    <subfield code="a">(OCoLC)oca12670104</subfield>
  </datafield>
  <datafield tag="040" ind1=" " ind2=" ">
    <subfield code="a">MnU</subfield>
    <subfield code="b">eng</subfield>
    <subfield code="e">rda</subfield>
    <subfield code="c">MnU</subfield>
  </datafield>
  <datafield tag="046" ind1=" " ind2=" ">
    <subfield code="k">1891-01</subfield>
    <subfield code="l">1946-09</subfield>
    <subfield code="2">edtf</subfield>
  </datafield>
  <datafield tag="130" ind1=" " ind2="0">
    <subfield code="a">Strand Magazine (London, England)</subfield>
  </datafield>
  <datafield tag="370" ind1=" " ind2=" ">
    <subfield code="g">London (England)</subfield>
    <subfield code="2">naf</subfield>
  </datafield>
  <datafield tag="377" ind1=" " ind2=" ">
    <subfield code="a">eng</subfield>
  </datafield>
  <datafield tag="380" ind1=" " ind2=" ">
    <subfield code="a">Periodicals</subfield>
    <subfield code="2">lcsh</subfield>
  </datafield>
  <datafield tag="430" ind1=" " ind2="0">
    <subfield code="a">Strand (London, England)</subfield>
  </datafield>
  <datafield tag="670" ind1=" " ind2=" ">
    <subfield code="a">OCoLC1096270977 viewed Dec. 27, 2019:</subfield>
    <subfield code="b">(Began with issue for January 1891; ceased with v. 111, no.669 September 1946)</subfield>
  </datafield>
  <datafield tag="670" ind1=" " ind2=" ">
    <subfield code="a">Pound, Reginald. A maypole in the Strand, 1948:</subfield>
    <subfield code="b">page 75 (The Strand Magazine...evolved out of a fusion of the ideas...of several men: George Newnes, the publisher, Greenhough Smith.... W.H. Boot...among others; Newnes&apos;s Burleigh Street office was just off the Strand which was Londond&apos;s best known street) ; page 129 (Editors were H. Greenhough Smith (for 40 years, George Blake, Hugh Ross Williamson, Reeves Shaw, R. J. Minney [and Reginald Pound])</subfield>
  </datafield>
</record>