
<record>
  <leader>00538nz  a2200169n  4500</leader>
  <controlfield tag="001">11258393</controlfield>
  <controlfield tag="003">DLC</controlfield>
  <controlfield tag="005">20200104073051.0</controlfield>
  <controlfield tag="008">200103n| azannaabn          |a aaa     c</controlfield>
  <datafield tag="010" ind1=" " ind2=" ">
    <subfield code="a">no2020000684</subfield>
  </datafield>
  <datafield tag="035" ind1=" " ind2=" ">
    <subfield code="a">(OCoLC)oca12670105</subfield>
  </datafield>
  <datafield tag="040" ind1=" " ind2=" ">
    <subfield code="a">ICrlF</subfield>
    <subfield code="b">eng</subfield>
    <subfield code="e">rda</subfield>
    <subfield code="c">ICrlF</subfield>
  </datafield>
  <datafield tag="046" ind1=" " ind2=" ">
    <subfield code="k">2019</subfield>
    <subfield code="2">edtf</subfield>
  </datafield>
  <datafield tag="100" ind1="1" ind2=" ">
    <subfield code="a">Patterson, James,</subfield>
    <subfield code="d">1947-</subfield>
    <subfield code="t">Cornwalls are gone</subfield>
  </datafield>
  <datafield tag="377" ind1=" " ind2=" ">
    <subfield code="a">eng</subfield>
  </datafield>
  <datafield tag="400" ind1="1" ind2=" ">
    <subfield code="a">Patterson, James,</subfield>
    <subfield code="d">1947-</subfield>
    <subfield code="t">Cornwalls vanish</subfield>
  </datafield>
  <datafield tag="670" ind1=" " ind2=" ">
    <subfield code="a">Patterson, James. The Cornwalls vanish, 2019.:</subfield>
    <subfield code="b">title page (Previously published as The Cornalls are gone)</subfield>
  </datafield>
</record>