
<record>
  <leader>00884nz  a2200193n  4500</leader>
  <controlfield tag="001">11258395</controlfield>
  <controlfield tag="003">DLC</controlfield>
  <controlfield tag="005">20200104073051.0</controlfield>
  <controlfield tag="008">200103n| azannaabn          |a ana     c</controlfield>
  <datafield tag="010" ind1=" " ind2=" ">
    <subfield code="a">no2020000686</subfield>
  </datafield>
  <datafield tag="035" ind1=" " ind2=" ">
    <subfield code="a">(OCoLC)oca12670107</subfield>
  </datafield>
  <datafield tag="040" ind1=" " ind2=" ">
    <subfield code="a">UPB</subfield>
    <subfield code="b">eng</subfield>
    <subfield code="e">rda</subfield>
    <subfield code="c">UPB</subfield>
  </datafield>
  <datafield tag="110" ind1="2" ind2=" ">
    <subfield code="a">Karl G. Maeser Scholarship Society</subfield>
  </datafield>
  <datafield tag="372" ind1=" " ind2=" ">
    <subfield code="a">Scholarships</subfield>
    <subfield code="a">Awards</subfield>
    <subfield code="2">lcsh</subfield>
  </datafield>
  <datafield tag="410" ind1="2" ind2=" ">
    <subfield code="a">Maeser Society</subfield>
  </datafield>
  <datafield tag="410" ind1="2" ind2=" ">
    <subfield code="a">Brigham Young University.</subfield>
    <subfield code="b">Maeser Society</subfield>
  </datafield>
  <datafield tag="410" ind1="2" ind2=" ">
    <subfield code="a">Brigham Young University.</subfield>
    <subfield code="b">Karl G. Maeser Scholarship Society</subfield>
  </datafield>
  <datafield tag="670" ind1=" " ind2=" ">
    <subfield code="a">The Karl G. Maeser Scholarship Society, [between 1985 and 1990]:</subfield>
    <subfield code="b">cover (The Karl G. Maeser Scholarship Society) unnumbered page 7 (Maeser Society)</subfield>
  </datafield>
  <datafield tag="670" ind1=" " ind2=" ">
    <subfield code="a">2019 University Conference Awards, website viewed December 17, 2019;</subfield>
    <subfield code="b">(Karl G. Maeser Distinguished Faculty Lecturer Award; provided through the generosity of the Karl G. Maeser Scholarship Society)</subfield>
  </datafield>
</record>