
<record>
  <leader>00599nz  a2200157n  4500</leader>
  <controlfield tag="001">11258396</controlfield>
  <controlfield tag="003">DLC</controlfield>
  <controlfield tag="005">20200104073051.0</controlfield>
  <controlfield tag="008">200103n| azannaabn          |n aaa     c</controlfield>
  <datafield tag="010" ind1=" " ind2=" ">
    <subfield code="a">no2020000691</subfield>
  </datafield>
  <datafield tag="035" ind1=" " ind2=" ">
    <subfield code="a">(OCoLC)oca12670112</subfield>
  </datafield>
  <datafield tag="040" ind1=" " ind2=" ">
    <subfield code="a">IEN</subfield>
    <subfield code="b">eng</subfield>
    <subfield code="e">rda</subfield>
    <subfield code="c">IEN</subfield>
  </datafield>
  <datafield tag="046" ind1=" " ind2=" ">
    <subfield code="f">1922-09-16</subfield>
    <subfield code="g">2004-06-21</subfield>
    <subfield code="2">edtf</subfield>
  </datafield>
  <datafield tag="100" ind1="1" ind2=" ">
    <subfield code="a">Stömmer, Franziska,</subfield>
    <subfield code="d">1922-2004</subfield>
  </datafield>
  <datafield tag="670" ind1=" " ind2=" ">
    <subfield code="a">Im Lauf der Zeit, 2016:</subfield>
    <subfield code="b">end credits (Franziska Stömmer, cast member)</subfield>
  </datafield>
  <datafield tag="670" ind1=" " ind2=" ">
    <subfield code="a">IMDb website, viewed Jan. 3, 2020</subfield>
    <subfield code="b">(Franziska Stömmer, actress; b. Sept. 16, 1922 in Eichendorf, Germany; d. June 21, 2004 in Pullach im Isartal, Germany)</subfield>
  </datafield>
</record>