
<record>
  <leader>00569nz  a2200169n  4500</leader>
  <controlfield tag="001">11258397</controlfield>
  <controlfield tag="003">DLC</controlfield>
  <controlfield tag="005">20200104073051.0</controlfield>
  <controlfield tag="008">200103n| azannaabn          |n aaa     c</controlfield>
  <datafield tag="010" ind1=" " ind2=" ">
    <subfield code="a">no2020000692</subfield>
  </datafield>
  <datafield tag="035" ind1=" " ind2=" ">
    <subfield code="a">(OCoLC)oca12670113</subfield>
  </datafield>
  <datafield tag="040" ind1=" " ind2=" ">
    <subfield code="a">NN</subfield>
    <subfield code="b">eng</subfield>
    <subfield code="e">rda</subfield>
    <subfield code="c">NN</subfield>
  </datafield>
  <datafield tag="100" ind1="0" ind2=" ">
    <subfield code="a">Moonlight</subfield>
    <subfield code="c">(Illustrator)</subfield>
  </datafield>
  <datafield tag="370" ind1=" " ind2=" ">
    <subfield code="c">France</subfield>
    <subfield code="2">naf</subfield>
  </datafield>
  <datafield tag="374" ind1=" " ind2=" ">
    <subfield code="a">Illustrators</subfield>
    <subfield code="2">lcsh</subfield>
  </datafield>
  <datafield tag="670" ind1=" " ind2=" ">
    <subfield code="a">Giovannoni, Jérôme. Triana, 2012- :</subfield>
    <subfield code="b">title page (illustrations, Moonlight)</subfield>
  </datafield>
  <datafield tag="670" ind1=" " ind2=" ">
    <subfield code="a">Bibliothèque nationale de France WWW auth. file, Jan. 3, 2020</subfield>
    <subfield code="b">(hdg.: Moonlight ; nat.: France ; illustrator)</subfield>
  </datafield>
</record>