
<record>
  <leader>01277nz  a2200157n  4500</leader>
  <controlfield tag="001">11258399</controlfield>
  <controlfield tag="003">DLC</controlfield>
  <controlfield tag="005">20200104073051.0</controlfield>
  <controlfield tag="008">200103n| azannaabn          |b ana     c</controlfield>
  <datafield tag="010" ind1=" " ind2=" ">
    <subfield code="a">no2020000694</subfield>
  </datafield>
  <datafield tag="035" ind1=" " ind2=" ">
    <subfield code="a">(OCoLC)oca12670115</subfield>
  </datafield>
  <datafield tag="040" ind1=" " ind2=" ">
    <subfield code="a">WU</subfield>
    <subfield code="b">eng</subfield>
    <subfield code="e">rda</subfield>
    <subfield code="c">WU</subfield>
  </datafield>
  <datafield tag="110" ind1="2" ind2=" ">
    <subfield code="a">Sakhalinskai︠a︡ oblastnai︠a︡ universalʹnai︠a︡ nauchnai︠a︡ biblioteka.</subfield>
    <subfield code="b">Otdel formirovanii︠a︡, upravlenii︠a︡ fondami i katalogizat︠s︡ii</subfield>
  </datafield>
  <datafield tag="410" ind1="2" ind2=" ">
    <subfield code="a">Сахалинская областная универсальная научная библиотека.</subfield>
    <subfield code="b">Отдел формирования, управления фондами и каталогизации</subfield>
  </datafield>
  <datafield tag="667" ind1=" " ind2=" ">
    <subfield code="a">Non-Latin script reference not evaluated.</subfield>
  </datafield>
  <datafield tag="670" ind1=" " ind2=" ">
    <subfield code="a">Knizhnye pami︠a︡tniki, kollekt︠s︡ii, osobo t︠s︡ennye i redkie dokumenty v fondakh Sakhalinskoĭ oblastnoĭ universalʹnoĭ nauchnoĭ biblioteki, 2017:</subfield>
    <subfield code="b">title page (Сахалинская областная универсальная научная библиотека. Отдел формирования, управления фондами и каталогизации = Sakhalinskai︠a︡ oblastnai︠a︡ universalʹnai︠a︡ nauchnai︠a︡ biblioteka. Otdel formirovanii︠a︡, upravlenii︠a︡ fondami i katalogizat︠s︡ii)</subfield>
  </datafield>
</record>