
<record>
  <leader>00555nz  a2200157n  4500</leader>
  <controlfield tag="001">11258402</controlfield>
  <controlfield tag="003">DLC</controlfield>
  <controlfield tag="005">20200104073052.0</controlfield>
  <controlfield tag="008">200103n| azannaabn          |n aaa     c</controlfield>
  <datafield tag="010" ind1=" " ind2=" ">
    <subfield code="a">no2020000697</subfield>
  </datafield>
  <datafield tag="035" ind1=" " ind2=" ">
    <subfield code="a">(OCoLC)oca12670118</subfield>
  </datafield>
  <datafield tag="040" ind1=" " ind2=" ">
    <subfield code="a">NcGU</subfield>
    <subfield code="b">eng</subfield>
    <subfield code="e">rda</subfield>
    <subfield code="c">NcGU</subfield>
  </datafield>
  <datafield tag="046" ind1=" " ind2=" ">
    <subfield code="f">2009-04-15</subfield>
    <subfield code="2">edtf</subfield>
  </datafield>
  <datafield tag="100" ind1="1" ind2=" ">
    <subfield code="a">Butters, Julia,</subfield>
    <subfield code="d">2009-</subfield>
  </datafield>
  <datafield tag="670" ind1=" " ind2=" ">
    <subfield code="a">Once upon a time... in Hollywood, 2019:</subfield>
    <subfield code="b">credits (Julia Butters)</subfield>
  </datafield>
  <datafield tag="670" ind1=" " ind2=" ">
    <subfield code="a">Wikipedia, viewed January 3, 2020:</subfield>
    <subfield code="b">Julia Butters (American child actress born April 15, 2009)</subfield>
    <subfield code="u">https://en.wikipedia.org/wiki/Julia_Butters</subfield>
  </datafield>
</record>