
<record>
  <leader>00955nz  a2200241n  4500</leader>
  <controlfield tag="001">11258406</controlfield>
  <controlfield tag="003">DLC</controlfield>
  <controlfield tag="005">20200104073052.0</controlfield>
  <controlfield tag="008">200103n| azabbaaan          |a aaa     c</controlfield>
  <datafield tag="010" ind1=" " ind2=" ">
    <subfield code="a">no2020000703</subfield>
  </datafield>
  <datafield tag="035" ind1=" " ind2=" ">
    <subfield code="a">(OCoLC)oca12670124</subfield>
  </datafield>
  <datafield tag="040" ind1=" " ind2=" ">
    <subfield code="a">MnU</subfield>
    <subfield code="b">eng</subfield>
    <subfield code="e">rda</subfield>
    <subfield code="c">MnU</subfield>
  </datafield>
  <datafield tag="046" ind1=" " ind2=" ">
    <subfield code="k">1938</subfield>
    <subfield code="l">1938</subfield>
    <subfield code="2">edtf</subfield>
  </datafield>
  <datafield tag="100" ind1="1" ind2=" ">
    <subfield code="a">Brillouin, Léon,</subfield>
    <subfield code="d">1889-1969.</subfield>
    <subfield code="t">Cours de physique théorique</subfield>
  </datafield>
  <datafield tag="380" ind1=" " ind2=" ">
    <subfield code="a">Series (Publications)</subfield>
    <subfield code="2">lcsh</subfield>
  </datafield>
  <datafield tag="380" ind1=" " ind2=" ">
    <subfield code="a">Multipart monograph</subfield>
  </datafield>
  <datafield tag="430" ind1=" " ind2="0">
    <subfield code="a">Cours de physique théorique (Brillouin)</subfield>
  </datafield>
  <datafield tag="643" ind1=" " ind2=" ">
    <subfield code="a">Paris</subfield>
    <subfield code="b">Masson et Cie</subfield>
  </datafield>
  <datafield tag="643" ind1=" " ind2=" ">
    <subfield code="a">New York</subfield>
    <subfield code="b">Dover Publications</subfield>
  </datafield>
  <datafield tag="644" ind1=" " ind2=" ">
    <subfield code="a">f</subfield>
    <subfield code="5">MNU</subfield>
  </datafield>
  <datafield tag="645" ind1=" " ind2=" ">
    <subfield code="a">t</subfield>
    <subfield code="5">DPCC</subfield>
    <subfield code="5">MNU</subfield>
  </datafield>
  <datafield tag="646" ind1=" " ind2=" ">
    <subfield code="a">s</subfield>
    <subfield code="5">MNU</subfield>
  </datafield>
  <datafield tag="670" ind1=" " ind2=" ">
    <subfield code="a">Les tenseurs en mécanique et en élasticité, 1946:</subfield>
    <subfield code="b">title page (Cours de physique théorique) title page verso (copyright 1938 by Masson et Cie) Preface to the first American printing, page xi (The book was originally planned as a first volume for a treatise on theoretical physics)</subfield>
  </datafield>
</record>