
<record>
  <leader>02735nz  a2200289n  4500</leader>
  <controlfield tag="001">11258408</controlfield>
  <controlfield tag="003">DLC</controlfield>
  <controlfield tag="005">20200104073052.0</controlfield>
  <controlfield tag="008">200103n| azannaabn          |a aaa     c</controlfield>
  <datafield tag="010" ind1=" " ind2=" ">
    <subfield code="a">no2020000705</subfield>
  </datafield>
  <datafield tag="035" ind1=" " ind2=" ">
    <subfield code="a">(OCoLC)oca12670126</subfield>
  </datafield>
  <datafield tag="040" ind1=" " ind2=" ">
    <subfield code="a">WU</subfield>
    <subfield code="b">eng</subfield>
    <subfield code="e">rda</subfield>
    <subfield code="c">WU</subfield>
  </datafield>
  <datafield tag="046" ind1=" " ind2=" ">
    <subfield code="f">1955-03-26</subfield>
    <subfield code="2">edtf</subfield>
  </datafield>
  <datafield tag="100" ind1="1" ind2=" ">
    <subfield code="a">Lee-Scott, Kris,</subfield>
    <subfield code="d">1955-</subfield>
  </datafield>
  <datafield tag="370" ind1=" " ind2=" ">
    <subfield code="a">Oakland (Calif.)</subfield>
    <subfield code="e">Titusville (Fla.)</subfield>
    <subfield code="f">Melbourne (Fla.)</subfield>
    <subfield code="f">Madison (Wis.)</subfield>
    <subfield code="2">naf</subfield>
  </datafield>
  <datafield tag="372" ind1=" " ind2=" ">
    <subfield code="a">Graphic arts</subfield>
    <subfield code="a">Music</subfield>
    <subfield code="2">lcsh</subfield>
  </datafield>
  <datafield tag="374" ind1=" " ind2=" ">
    <subfield code="a">Graphics artists</subfield>
    <subfield code="a">Musicians</subfield>
    <subfield code="a">Composers</subfield>
    <subfield code="2">lcsh</subfield>
  </datafield>
  <datafield tag="375" ind1=" " ind2=" ">
    <subfield code="a">Females</subfield>
    <subfield code="2">lcdgt</subfield>
  </datafield>
  <datafield tag="400" ind1="1" ind2=" ">
    <subfield code="a">Scott, Kris Lee-,</subfield>
    <subfield code="d">1955-</subfield>
  </datafield>
  <datafield tag="400" ind1="0" ind2=" ">
    <subfield code="a">Hanai</subfield>
    <subfield code="c">(Musician),</subfield>
    <subfield code="d">1955-</subfield>
  </datafield>
  <datafield tag="670" ind1=" " ind2=" ">
    <subfield code="a">The communist challenge, 2006:</subfield>
    <subfield code="b">title frame (music, graphics, Kris Lee-Scott)</subfield>
  </datafield>
  <datafield tag="670" ind1=" " ind2=" ">
    <subfield code="a">Hanai (Musician). Angel choir, 1998:</subfield>
    <subfield code="b">label (Hanai) container (Friends and family have long known Kris Lee-Scott as &quot;Hanai&quot;, an affectionate Hawaiian nickname meaning &quot;adopted one&quot;) insert (Hanai is one of today&apos;s most talented and prolific composer/performers; Angel Choir is her fifth album)</subfield>
  </datafield>
  <datafield tag="670" ind1=" " ind2=" ">
    <subfield code="a">KrisLeeScott.com website, viewed Jan. 2, 2020</subfield>
    <subfield code="b">(Kris Lee-Scott; spa music composer, Apple tech specialist, fine art photography; over the last 35 years, I have worked in several specialized fields as a business owner, professional photographer, certified clinical hypnotherapist, musician, Apple computer specialist, and video and graphics designer) Shopping (Hanai Music CDs)</subfield>
  </datafield>
  <datafield tag="670" ind1=" " ind2=" ">
    <subfield code="a">Hanai Music website, viewed Jan. 2, 2020</subfield>
    <subfield code="b">(Hanai Music; beautiful soothing instrumentals, composed &amp; played entirely by Hanai (Kris Lee-Scott); inspired by the tragic death of her Himilayan kitty &quot;Kea&quot;, Hanai began composing beautiful, soothing music in 1992 at the age of 37; she blends 20 different acoustic and electronic instruments together in a unique soundscape; her soft melodies and beautiful harmonies have been used in medical, educational, and spiritual venues and have helped countless people all over the world to heal physically, emotionally, and spiritually)</subfield>
  </datafield>
  <datafield tag="670" ind1=" " ind2=" ">
    <subfield code="a">LinkedIn, viewed Jan. 2, 2020</subfield>
    <subfield code="b">(Kris Lee-Scott; Melbourne, Florida area; experience: owner/video editor, Media Presentations, 2012-present; consultant/instructor, Apple Tech Support, 2009-present; owner, Hanai Music, 1992-present)</subfield>
    <subfield code="u">https://www.linkedin.com/in/kris-lee-scott-a1a5688</subfield>
  </datafield>
  <datafield tag="670" ind1=" " ind2=" ">
    <subfield code="a">Facebook, viewed Jan. 2, 2020</subfield>
    <subfield code="b">(Kris Hanai Lee-Scott (Kris Wolthuis); owner/graphic designer/sales manager, Pets Welcome Guide; owner/artist, Hanai Music &amp; Publishing; current city: Titusville, Fla.; hometown: Oakland, Calif.; also lived in: Madison, Wis.)</subfield>
    <subfield code="u">https://www.facebook.com/KrisLeeScott</subfield>
  </datafield>
  <datafield tag="670" ind1=" " ind2=" ">
    <subfield code="a">Mylife.com, viewed Jan. 2, 2020</subfield>
    <subfield code="b">(Kris Scott; born March 26, 1955; lives in Titusville, Florida)</subfield>
  </datafield>
</record>