
<record>
  <leader>01445nz  a2200181n  4500</leader>
  <controlfield tag="001">11258409</controlfield>
  <controlfield tag="003">DLC</controlfield>
  <controlfield tag="005">20200104073053.0</controlfield>
  <controlfield tag="008">200103n| azannaabn          |n aaa     c</controlfield>
  <datafield tag="010" ind1=" " ind2=" ">
    <subfield code="a">no2020000706</subfield>
  </datafield>
  <datafield tag="035" ind1=" " ind2=" ">
    <subfield code="a">(OCoLC)oca12670127</subfield>
  </datafield>
  <datafield tag="040" ind1=" " ind2=" ">
    <subfield code="a">WMM</subfield>
    <subfield code="b">eng</subfield>
    <subfield code="e">rda</subfield>
    <subfield code="c">WMM</subfield>
  </datafield>
  <datafield tag="100" ind1="1" ind2=" ">
    <subfield code="a">Tamboli, Anand</subfield>
  </datafield>
  <datafield tag="370" ind1=" " ind2=" ">
    <subfield code="c">Australia</subfield>
    <subfield code="2">naf</subfield>
  </datafield>
  <datafield tag="375" ind1=" " ind2=" ">
    <subfield code="a">Males</subfield>
    <subfield code="2">lcdgt</subfield>
  </datafield>
  <datafield tag="377" ind1=" " ind2=" ">
    <subfield code="a">eng</subfield>
  </datafield>
  <datafield tag="670" ind1=" " ind2=" ">
    <subfield code="a">Tamboli, Anand. Build your own IoT platform, 2019:</subfield>
    <subfield code="b">title page (Anand Tamboli) page ix (with numerous innovative products and services deployed in the last 20+ years, Anand Tamboli has garnered expertise in business improvement, business transformation, data science, IoT, cognitive systems, machine learning, artifical intelligence, etc.)</subfield>
  </datafield>
  <datafield tag="670" ind1=" " ind2=" ">
    <subfield code="a">LinkedIn, viewed November 19, 2019</subfield>
    <subfield code="b">(Anand Tamboli; business and technology advisor, published author, keynote speaker, tech futurist, transformation specialist, and emerging technology expert. Sydney, Australia. Founder-director of Anand Tamboli &amp; Co., (January 2019-present); KNEWRON Technologies &amp; Services, Managing Director (2016-2019) and Founder and CEO (2009-2019). Education: Government College of Engineering Aurangabad (B.E. Electrical, Electronics &amp; Power Systems Engineering); licenses &amp; certifications: Lean Six Sigma Master Black Belt (Insignia, March, 2010); Chartered Engineer (Institution of Engineers of India Kolkata) (January 2009))</subfield>
    <subfield code="u">https://www.linkedin.com/in/anandtamboli/?originalSubdomain=au</subfield>
  </datafield>
</record>