
<record>
  <leader>00524nz  a2200169n  4500</leader>
  <controlfield tag="001">11258411</controlfield>
  <controlfield tag="003">DLC</controlfield>
  <controlfield tag="005">20200104073053.0</controlfield>
  <controlfield tag="008">200103n| azannaabn          |n aaa     c</controlfield>
  <datafield tag="010" ind1=" " ind2=" ">
    <subfield code="a">no2020000708</subfield>
  </datafield>
  <datafield tag="035" ind1=" " ind2=" ">
    <subfield code="a">(OCoLC)oca12670129</subfield>
  </datafield>
  <datafield tag="040" ind1=" " ind2=" ">
    <subfield code="a">ICrlF</subfield>
    <subfield code="b">eng</subfield>
    <subfield code="e">rda</subfield>
    <subfield code="c">ICrlF</subfield>
  </datafield>
  <datafield tag="046" ind1=" " ind2=" ">
    <subfield code="k">2019</subfield>
    <subfield code="2">edtf</subfield>
  </datafield>
  <datafield tag="100" ind1="1" ind2=" ">
    <subfield code="a">Tripp, Valerie,</subfield>
    <subfield code="b">1951-</subfield>
    <subfield code="t">Taking off (2019)</subfield>
  </datafield>
  <datafield tag="377" ind1=" " ind2=" ">
    <subfield code="a">eng</subfield>
  </datafield>
  <datafield tag="667" ind1=" " ind2=" ">
    <subfield code="a">116 page adaptation of the 193 page novel.</subfield>
  </datafield>
  <datafield tag="670" ind1=" " ind2=" ">
    <subfield code="a">Tripp, Valerie. Taking off, 2019:</subfield>
    <subfield code="b">back cover (Abridged edition)  front cover (Maryellen, 1954)</subfield>
  </datafield>
</record>