
<record>
  <leader>00771nz  a2200181n  4500</leader>
  <controlfield tag="001">11258413</controlfield>
  <controlfield tag="003">DLC</controlfield>
  <controlfield tag="005">20200104073053.0</controlfield>
  <controlfield tag="008">200103n| azannaabn          |n aaa     c</controlfield>
  <datafield tag="010" ind1=" " ind2=" ">
    <subfield code="a">no2020000710</subfield>
  </datafield>
  <datafield tag="035" ind1=" " ind2=" ">
    <subfield code="a">(OCoLC)oca12670131</subfield>
  </datafield>
  <datafield tag="040" ind1=" " ind2=" ">
    <subfield code="a">OkU</subfield>
    <subfield code="b">eng</subfield>
    <subfield code="e">rda</subfield>
    <subfield code="c">OkU</subfield>
  </datafield>
  <datafield tag="046" ind1=" " ind2=" ">
    <subfield code="f">1907-03-09</subfield>
    <subfield code="g">1992</subfield>
    <subfield code="2">edtf</subfield>
  </datafield>
  <datafield tag="100" ind1="1" ind2=" ">
    <subfield code="a">Rowlingson, Donald T.,</subfield>
    <subfield code="d">1907-1992</subfield>
  </datafield>
  <datafield tag="378" ind1=" " ind2=" ">
    <subfield code="q">Donald Taggart</subfield>
  </datafield>
  <datafield tag="670" ind1=" " ind2=" ">
    <subfield code="a">Jesus, the religious ultimate, 1961:</subfield>
    <subfield code="b">title page (Donald T. Rowlingson)</subfield>
  </datafield>
  <datafield tag="670" ind1=" " ind2=" ">
    <subfield code="a">Contemporary authors, volumes 1-4, first revision, 1967:</subfield>
    <subfield code="b">(Donald T(aggart) Rowlingson, b. Mar. 9, 1907)</subfield>
  </datafield>
  <datafield tag="670" ind1=" " ind2=" ">
    <subfield code="a">FamilySearch, Jan. 3, 2020:</subfield>
    <subfield code="b">United States, GenealogyBank Obituaries, 1980-2014 (Donald Taggart Rowlingson, Georgia, United States, 02 Jun 1992, citing Atlanta Journal Constitution)</subfield>
  </datafield>
</record>