
<record>
  <leader>00595nz  a2200157n  4500</leader>
  <controlfield tag="001">11258414</controlfield>
  <controlfield tag="003">DLC</controlfield>
  <controlfield tag="005">20200104073053.0</controlfield>
  <controlfield tag="008">200103n| azannaabn          |n aaa     c</controlfield>
  <datafield tag="010" ind1=" " ind2=" ">
    <subfield code="a">no2020000711</subfield>
  </datafield>
  <datafield tag="035" ind1=" " ind2=" ">
    <subfield code="a">(OCoLC)oca12670132</subfield>
  </datafield>
  <datafield tag="040" ind1=" " ind2=" ">
    <subfield code="a">CtY</subfield>
    <subfield code="b">eng</subfield>
    <subfield code="e">rda</subfield>
    <subfield code="c">CtY</subfield>
  </datafield>
  <datafield tag="100" ind1="1" ind2=" ">
    <subfield code="a">Palhares, José Augusto</subfield>
  </datafield>
  <datafield tag="377" ind1=" " ind2=" ">
    <subfield code="a">por</subfield>
  </datafield>
  <datafield tag="670" ind1=" " ind2=" ">
    <subfield code="a">A excelência académica na escola pública portuguesa, 2017:</subfield>
    <subfield code="b">title page (José A. Palhares) back cover flap (José Augusto Palhares; sociology of education)</subfield>
  </datafield>
  <datafield tag="670" ind1=" " ind2=" ">
    <subfield code="a">OCLC, viewed January 3, 2020</subfield>
    <subfield code="b">(hdg. Palhares, José Augusto; usage: José Augusto Palhares)</subfield>
  </datafield>
</record>