
<record>
  <leader>01919nz  a2200205n  4500</leader>
  <controlfield tag="001">11258415</controlfield>
  <controlfield tag="003">DLC</controlfield>
  <controlfield tag="005">20200104073053.0</controlfield>
  <controlfield tag="008">200103n| azannaabn          |a aaa     c</controlfield>
  <datafield tag="010" ind1=" " ind2=" ">
    <subfield code="a">no2020000712</subfield>
  </datafield>
  <datafield tag="035" ind1=" " ind2=" ">
    <subfield code="a">(OCoLC)oca12670133</subfield>
  </datafield>
  <datafield tag="040" ind1=" " ind2=" ">
    <subfield code="a">OU</subfield>
    <subfield code="b">eng</subfield>
    <subfield code="e">rda</subfield>
    <subfield code="c">OU</subfield>
  </datafield>
  <datafield tag="046" ind1=" " ind2=" ">
    <subfield code="f">1903-02-27</subfield>
    <subfield code="g">1967-10-07</subfield>
    <subfield code="2">edtf</subfield>
  </datafield>
  <datafield tag="100" ind1="1" ind2=" ">
    <subfield code="a">Schmidt-Hidding, Wolfgang,</subfield>
    <subfield code="d">1903-1967</subfield>
  </datafield>
  <datafield tag="370" ind1=" " ind2=" ">
    <subfield code="a">Steglitz (Berlin, Germany)</subfield>
    <subfield code="b">Bonn (Germany)</subfield>
    <subfield code="2">naf</subfield>
  </datafield>
  <datafield tag="374" ind1=" " ind2=" ">
    <subfield code="a">Linguists</subfield>
    <subfield code="a">College teachers</subfield>
    <subfield code="2">lcsh</subfield>
  </datafield>
  <datafield tag="375" ind1=" " ind2=" ">
    <subfield code="a">Males</subfield>
    <subfield code="2">lcdgt</subfield>
  </datafield>
  <datafield tag="400" ind1="1" ind2=" ">
    <subfield code="a">Hidding, Wolfgang Schmidt-,</subfield>
    <subfield code="d">1903-1967</subfield>
  </datafield>
  <datafield tag="670" ind1=" " ind2=" ">
    <subfield code="a">Sieben Meister des literarischen Humors in England und Amerika, 1959:</subfield>
    <subfield code="b">title page (Wolfgang Schmidt-Hidding)</subfield>
  </datafield>
  <datafield tag="670" ind1=" " ind2=" ">
    <subfield code="a">Wikidata via Wikipedia, January 3, 2020</subfield>
    <subfield code="b">(alias: Wolfgang Schmidt-Hidding; instance of: human; sex or gender: male; country of citizenship: Germany; employer: University of Bonn; date of death: +1967-10-07T00:00:00Z; given name: Wolfgang; GND identifier: 117510874; member of political party: Nazi Party; date of birth: +1903-02-27T00:00:00Z; VIAF identifier: 8167148; work location: Marburg, Bad Godesberg, Bonn; occupation: linguist, university teacher; SUDOC authorities: 082022941, 129035424; ISNI (P213): 0000000107768504; NTA identifier (Netherlands): 072622105; LNB identifier: 000099144; NLA identifier: 35884960; NLP identifier: A29010846; member of: Sturmabteilung; place of birth: Steglitz; languages spoken or published: German; place of death: Bonn; NKC identifier: osd2015892049; RERO ID (P3065): 02-A016410099; NUKAT authorities: n2003061990; NLI (Israel) identifier: 004912391; People Australia identifier: 1130796; SHARE Catalogue author ID (P3987): 517387; description/label: deutscher Anglist, Duits taalkundige , German linguist, Germana linguisto, germana lingvisto, lingüista alemán, linguiste deutx, professor académico alemão, pükavan Deutänik, tysk professor)</subfield>
    <subfield code="u">http://www.wikidata.org/entity/Q15855047</subfield>
  </datafield>
</record>