
<record>
  <leader>00782nz  a2200181n  4500</leader>
  <controlfield tag="001">11258420</controlfield>
  <controlfield tag="003">DLC</controlfield>
  <controlfield tag="005">20200104073054.0</controlfield>
  <controlfield tag="008">200103n| azannaabn          |n ana     c</controlfield>
  <datafield tag="010" ind1=" " ind2=" ">
    <subfield code="a">no2020000717</subfield>
  </datafield>
  <datafield tag="035" ind1=" " ind2=" ">
    <subfield code="a">(OCoLC)oca12670138</subfield>
  </datafield>
  <datafield tag="040" ind1=" " ind2=" ">
    <subfield code="a">CU-A</subfield>
    <subfield code="b">eng</subfield>
    <subfield code="e">rda</subfield>
    <subfield code="c">CU-A</subfield>
  </datafield>
  <datafield tag="046" ind1=" " ind2=" ">
    <subfield code="s">1987-09-05</subfield>
    <subfield code="t">1987-09-05</subfield>
    <subfield code="2">edtf</subfield>
  </datafield>
  <datafield tag="111" ind1="2" ind2=" ">
    <subfield code="a">Manzanar All Camp Reunion</subfield>
    <subfield code="n">(2nd :</subfield>
    <subfield code="d">1987 :</subfield>
    <subfield code="c">Los Angeles, Calif.)</subfield>
  </datafield>
  <datafield tag="368" ind1=" " ind2=" ">
    <subfield code="a">Reunions</subfield>
    <subfield code="2">lcsh</subfield>
  </datafield>
  <datafield tag="370" ind1=" " ind2=" ">
    <subfield code="e">Los Angeles (Calif.)</subfield>
    <subfield code="2">naf</subfield>
  </datafield>
  <datafield tag="372" ind1=" " ind2=" ">
    <subfield code="a">Manzanar War Relocation Center--History</subfield>
    <subfield code="a">Concentration camps--California--Manzanar--History</subfield>
    <subfield code="a">Japanese Americans--Evacuation and relocation, 1942-1945</subfield>
    <subfield code="2">lcsh</subfield>
  </datafield>
  <datafield tag="670" ind1=" " ind2=" ">
    <subfield code="a">Manzanar All Camp Reunion, 1987:</subfield>
    <subfield code="b">title page (held at Westin Bonaventure Hotel in Los Angeles, California on September 5, 1987) welcome page (second)</subfield>
  </datafield>
</record>