
<record>
  <leader>00802nz  a2200193n  4500</leader>
  <controlfield tag="001">11258421</controlfield>
  <controlfield tag="003">DLC</controlfield>
  <controlfield tag="005">20200104073054.0</controlfield>
  <controlfield tag="008">200103n| azannaabn          |n aaa     c</controlfield>
  <datafield tag="010" ind1=" " ind2=" ">
    <subfield code="a">no2020000718</subfield>
  </datafield>
  <datafield tag="035" ind1=" " ind2=" ">
    <subfield code="a">(OCoLC)oca12670139</subfield>
  </datafield>
  <datafield tag="040" ind1=" " ind2=" ">
    <subfield code="a">MCM</subfield>
    <subfield code="b">eng</subfield>
    <subfield code="e">rda</subfield>
    <subfield code="c">MCM</subfield>
  </datafield>
  <datafield tag="100" ind1="1" ind2=" ">
    <subfield code="a">Jansen, Jeffrey A.</subfield>
  </datafield>
  <datafield tag="370" ind1=" " ind2=" ">
    <subfield code="e">Madison (Wis.)</subfield>
    <subfield code="2">naf</subfield>
  </datafield>
  <datafield tag="373" ind1=" " ind2=" ">
    <subfield code="a">Madison Group (Firm)</subfield>
  </datafield>
  <datafield tag="373" ind1=" " ind2=" ">
    <subfield code="a">ASM International. Handbook Committee</subfield>
    <subfield code="2">naf</subfield>
  </datafield>
  <datafield tag="374" ind1=" " ind2=" ">
    <subfield code="a">Materials scientists</subfield>
    <subfield code="2">lcsh</subfield>
  </datafield>
  <datafield tag="670" ind1=" " ind2=" ">
    <subfield code="a">Materials characterization, 2019:</subfield>
    <subfield code="b">t.p. (ASM International Handbook Committee, division editors, Jeffrey A. Jansen, The Madison Group)</subfield>
  </datafield>
  <datafield tag="670" ind1=" " ind2=" ">
    <subfield code="a">The Madison Group website, viewed on 2020-01-03:</subfield>
    <subfield code="b">about us page (Jeffrey Jansen, M.S.) headquarters page (located in Madison, Wisconsin)</subfield>
    <subfield code="u">https://www.madisongroup.com/about-us.html</subfield>
  </datafield>
</record>