
<record>
  <leader>00630nz  a2200157n  4500</leader>
  <controlfield tag="001">11258422</controlfield>
  <controlfield tag="003">DLC</controlfield>
  <controlfield tag="005">20200104073054.0</controlfield>
  <controlfield tag="008">200103n| azannaabn          |n ana     c</controlfield>
  <datafield tag="010" ind1=" " ind2=" ">
    <subfield code="a">no2020000719</subfield>
  </datafield>
  <datafield tag="035" ind1=" " ind2=" ">
    <subfield code="a">(OCoLC)oca12670140</subfield>
  </datafield>
  <datafield tag="040" ind1=" " ind2=" ">
    <subfield code="a">NcGU</subfield>
    <subfield code="b">eng</subfield>
    <subfield code="e">rda</subfield>
    <subfield code="c">NcGU</subfield>
  </datafield>
  <datafield tag="046" ind1=" " ind2=" ">
    <subfield code="s">2011</subfield>
    <subfield code="2">edtf</subfield>
  </datafield>
  <datafield tag="110" ind1="2" ind2=" ">
    <subfield code="a">Radio Silence (Firm)</subfield>
  </datafield>
  <datafield tag="670" ind1=" " ind2=" ">
    <subfield code="a">Ready or not, 2019:</subfield>
    <subfield code="b">container (a Radio Silence film)</subfield>
  </datafield>
  <datafield tag="670" ind1=" " ind2=" ">
    <subfield code="a">Wikipedia, viewed January 3, 2020:</subfield>
    <subfield code="b">Radio Silence Productions (a trio of filmmakers based in Los Angeles; formed in 2011 by Matt Bettinelli-Olpin, Tyler Gillett, Chad Villella)</subfield>
    <subfield code="u">https://en.wikipedia.org/wiki/Radio_Silence_Productions</subfield>
  </datafield>
</record>