
<record>
  <leader>00684nz  a2200169n  4500</leader>
  <controlfield tag="001">11258425</controlfield>
  <controlfield tag="003">DLC</controlfield>
  <controlfield tag="005">20200104073055.0</controlfield>
  <controlfield tag="008">200103n| azannaabn          |n aaa     c</controlfield>
  <datafield tag="010" ind1=" " ind2=" ">
    <subfield code="a">no2020000722</subfield>
  </datafield>
  <datafield tag="035" ind1=" " ind2=" ">
    <subfield code="a">(OCoLC)oca12670143</subfield>
  </datafield>
  <datafield tag="040" ind1=" " ind2=" ">
    <subfield code="a">MsCleD</subfield>
    <subfield code="b">eng</subfield>
    <subfield code="e">rda</subfield>
    <subfield code="c">MsCleD</subfield>
  </datafield>
  <datafield tag="046" ind1=" " ind2=" ">
    <subfield code="f">1920</subfield>
    <subfield code="2">edtf</subfield>
  </datafield>
  <datafield tag="100" ind1="1" ind2=" ">
    <subfield code="a">Schrum, David,</subfield>
    <subfield code="d">1920-</subfield>
  </datafield>
  <datafield tag="373" ind1=" " ind2=" ">
    <subfield code="a">American Academy of Pediatrics</subfield>
    <subfield code="a">Baylor College of Medicine</subfield>
    <subfield code="2">naf</subfield>
  </datafield>
  <datafield tag="670" ind1=" " ind2=" ">
    <subfield code="a">Baby care and family love, ©1970:</subfield>
    <subfield code="b">title page (David Schrum, M.D., Fellow of the American Academy of Pediatrics, Clinical Professor of Pediatrics, Baylor College of Medicine)</subfield>
  </datafield>
  <datafield tag="670" ind1=" " ind2=" ">
    <subfield code="a">OCLC, January 3, 2020</subfield>
    <subfield code="b">(access point: Schrum, David, 1920-; usage: David Schrum)</subfield>
  </datafield>
</record>