
<record>
  <leader>00737nz  a2200181n  4500</leader>
  <controlfield tag="001">11258429</controlfield>
  <controlfield tag="003">DLC</controlfield>
  <controlfield tag="005">20200104073055.0</controlfield>
  <controlfield tag="008">200103n| azannaabn           n aaa     c</controlfield>
  <datafield tag="010" ind1=" " ind2=" ">
    <subfield code="a">no2020000726</subfield>
  </datafield>
  <datafield tag="035" ind1=" " ind2=" ">
    <subfield code="a">(OCoLC)oca12670147</subfield>
  </datafield>
  <datafield tag="040" ind1=" " ind2=" ">
    <subfield code="a">MCM</subfield>
    <subfield code="b">eng</subfield>
    <subfield code="e">rda</subfield>
    <subfield code="c">MCM</subfield>
  </datafield>
  <datafield tag="100" ind1="1" ind2=" ">
    <subfield code="a">Zamor, Douglas</subfield>
  </datafield>
  <datafield tag="370" ind1=" " ind2=" ">
    <subfield code="e">Port-au-Prince (Haiti)</subfield>
    <subfield code="2">naf</subfield>
  </datafield>
  <datafield tag="373" ind1=" " ind2=" ">
    <subfield code="a">Université d&apos;État d&apos;Haïti</subfield>
    <subfield code="2">naf</subfield>
  </datafield>
  <datafield tag="374" ind1=" " ind2=" ">
    <subfield code="a">Poets</subfield>
    <subfield code="2">lcsh</subfield>
  </datafield>
  <datafield tag="670" ind1=" " ind2=" ">
    <subfield code="a">Belendjo: revolisyon men goch, 2019:</subfield>
    <subfield code="b">t.p. (Douglas Zamor)</subfield>
  </datafield>
  <datafield tag="670" ind1=" " ind2=" ">
    <subfield code="a">Author&apos;s public Facebook profile, viewed on 2020-01-03:</subfield>
    <subfield code="b">(Douglas Zamor, écrivain, studied sociology at Faculté des sciences humaines de l&apos;Université d&apos;État d&apos;Haiti, lives in Port-au-Prince, Haiti)</subfield>
    <subfield code="u">https://www.facebook.com/douglas.zamor</subfield>
  </datafield>
</record>