
<record>
  <leader>00814nz  a2200169n  4500</leader>
  <controlfield tag="001">11258434</controlfield>
  <controlfield tag="003">DLC</controlfield>
  <controlfield tag="005">20200104073055.0</controlfield>
  <controlfield tag="008">200103n| azannaabn          |n aaa     c</controlfield>
  <datafield tag="010" ind1=" " ind2=" ">
    <subfield code="a">no2020000731</subfield>
  </datafield>
  <datafield tag="035" ind1=" " ind2=" ">
    <subfield code="a">(OCoLC)oca12670152</subfield>
  </datafield>
  <datafield tag="040" ind1=" " ind2=" ">
    <subfield code="a">UPB-Mu</subfield>
    <subfield code="b">eng</subfield>
    <subfield code="e">rda</subfield>
    <subfield code="c">UPB-Mu</subfield>
  </datafield>
  <datafield tag="100" ind1="1" ind2=" ">
    <subfield code="a">Debussy, Claude,</subfield>
    <subfield code="d">1862-1918.</subfield>
    <subfield code="t">Trios,</subfield>
    <subfield code="m">piano, violin, cello,</subfield>
    <subfield code="r">G major.</subfield>
    <subfield code="p">Andantino con moto allegro</subfield>
  </datafield>
  <datafield tag="382" ind1="0" ind2=" ">
    <subfield code="a">piano</subfield>
    <subfield code="n">1</subfield>
    <subfield code="a">violin</subfield>
    <subfield code="n">1</subfield>
    <subfield code="a">cello</subfield>
    <subfield code="n">1</subfield>
    <subfield code="s">3</subfield>
    <subfield code="2">lcmpt</subfield>
  </datafield>
  <datafield tag="384" ind1="0" ind2=" ">
    <subfield code="a">G major</subfield>
  </datafield>
  <datafield tag="670" ind1=" " ind2=" ">
    <subfield code="a">Debut, 2008:</subfield>
    <subfield code="b">disc label (The Saint Michael Trio, Debut; Daniel Cher, violin, Michel Flexer, cello, Russell Hancock, piano) container (track 2, Claude Debussy, Andantino con moto allegro, from Trio en Sol)</subfield>
  </datafield>
  <datafield tag="670" ind1=" " ind2=" ">
    <subfield code="a">Debussy, Claude. Trio in G für Klavier, Violine und Violoncello : Premier Trio en Sol, 1986:</subfield>
    <subfield code="b">page 1 (Andantino con moto allegro)</subfield>
  </datafield>
</record>