
<record>
  <leader>00891nz  a2200181n  4500</leader>
  <controlfield tag="001">11258436</controlfield>
  <controlfield tag="003">DLC</controlfield>
  <controlfield tag="005">20200104073055.0</controlfield>
  <controlfield tag="008">200103n| azannaabn          |n aaa     c</controlfield>
  <datafield tag="010" ind1=" " ind2=" ">
    <subfield code="a">no2020000733</subfield>
  </datafield>
  <datafield tag="035" ind1=" " ind2=" ">
    <subfield code="a">(OCoLC)oca12670154</subfield>
  </datafield>
  <datafield tag="040" ind1=" " ind2=" ">
    <subfield code="a">UPB-Mu</subfield>
    <subfield code="b">eng</subfield>
    <subfield code="e">rda</subfield>
    <subfield code="c">UPB-Mu</subfield>
  </datafield>
  <datafield tag="100" ind1="1" ind2=" ">
    <subfield code="a">Mendelssohn-Bartholdy, Felix,</subfield>
    <subfield code="d">1809-1847.</subfield>
    <subfield code="t">Trios,</subfield>
    <subfield code="m">piano, violin, cello,</subfield>
    <subfield code="n">no. 2, op. 66,</subfield>
    <subfield code="r">C minor.</subfield>
    <subfield code="p">Allegro energico e con fuoco</subfield>
  </datafield>
  <datafield tag="382" ind1="0" ind2=" ">
    <subfield code="a">piano</subfield>
    <subfield code="n">1</subfield>
    <subfield code="a">violin</subfield>
    <subfield code="n">1</subfield>
    <subfield code="a">cello</subfield>
    <subfield code="n">1</subfield>
    <subfield code="s">3</subfield>
    <subfield code="2">lcmpt</subfield>
  </datafield>
  <datafield tag="383" ind1=" " ind2=" ">
    <subfield code="a">no. 2</subfield>
    <subfield code="b">op. 66</subfield>
  </datafield>
  <datafield tag="384" ind1="0" ind2=" ">
    <subfield code="a">C minor</subfield>
  </datafield>
  <datafield tag="670" ind1=" " ind2=" ">
    <subfield code="a">Debut, 2008:</subfield>
    <subfield code="b">disc label (The Saint Michael Trio, Debut; Daniel Cher, violin, Michel Flexer, cello, Russell Hancock, piano) container (track 3, Felix Mendelssohn, Allegro energico e con fuoco, from Trio no. 2 opus 66)</subfield>
  </datafield>
  <datafield tag="670" ind1=" " ind2=" ">
    <subfield code="a">Mendelssohn-Bartholdy, Felix. Trios for piano, violin and violoncello, Trio II in C minor, 1922:</subfield>
    <subfield code="b">page 2 (Allegro energico e con fuoco)</subfield>
  </datafield>
</record>