
<record>
  <leader>01677nz  a2200229n  4500</leader>
  <controlfield tag="001">11258439</controlfield>
  <controlfield tag="003">DLC</controlfield>
  <controlfield tag="005">20200104073056.0</controlfield>
  <controlfield tag="008">200103n| azannaabn          |n aaa     c</controlfield>
  <datafield tag="010" ind1=" " ind2=" ">
    <subfield code="a">no2020000736</subfield>
  </datafield>
  <datafield tag="035" ind1=" " ind2=" ">
    <subfield code="a">(OCoLC)oca12670157</subfield>
  </datafield>
  <datafield tag="040" ind1=" " ind2=" ">
    <subfield code="a">WMM</subfield>
    <subfield code="b">eng</subfield>
    <subfield code="e">rda</subfield>
    <subfield code="c">WMM</subfield>
  </datafield>
  <datafield tag="100" ind1="1" ind2=" ">
    <subfield code="a">Talcott, Samuel</subfield>
  </datafield>
  <datafield tag="372" ind1=" " ind2=" ">
    <subfield code="a">Philosophy</subfield>
    <subfield code="2">lcsh</subfield>
  </datafield>
  <datafield tag="373" ind1=" " ind2=" ">
    <subfield code="a">University of the Sciences in Philadelphia</subfield>
    <subfield code="2">naf</subfield>
  </datafield>
  <datafield tag="374" ind1=" " ind2=" ">
    <subfield code="a">College teachers</subfield>
    <subfield code="2">lcsh</subfield>
  </datafield>
  <datafield tag="375" ind1=" " ind2=" ">
    <subfield code="a">Males</subfield>
    <subfield code="2">lcdgt</subfield>
  </datafield>
  <datafield tag="377" ind1=" " ind2=" ">
    <subfield code="a">eng</subfield>
    <subfield code="a">fre</subfield>
  </datafield>
  <datafield tag="670" ind1=" " ind2=" ">
    <subfield code="a">Talcott, Samuel. Georges Canguilhem and the problem of error, 2019:</subfield>
    <subfield code="b">title page (Samuel Talcott) cover page 4 (Associate Professor of Philosophy at University of the Sciences in Philadelphia)</subfield>
  </datafield>
  <datafield tag="670" ind1=" " ind2=" ">
    <subfield code="a">University of the Sciences website, viewed November 18, 2019:</subfield>
    <subfield code="b">Humanities (Samuel Talcott Ph.D.; Associate Professor of Philosophy; education: B.A. (Penn State University); M.A. (DePaul University), Ph.D. (DePaul University).  Research interests: social and political philosophy, ethics, history of philosophy, modern philosophy, history and philosophy of the life sciences, philosophy of medicine, 20th century French philosophy)</subfield>
    <subfield code="u">https://faculty.usciences.edu/faculty/talcott-samuel</subfield>
  </datafield>
  <datafield tag="670" ind1=" " ind2=" ">
    <subfield code="a">University of the Sciences website, viewed November 18, 2019:</subfield>
    <subfield code="b">Catalog (Samuel R. Talcott; Assistant Professor of Philosophy)</subfield>
    <subfield code="u">http://catalog.usp.edu/preview_entity.php?catoid=18&amp;ent_oid=261&amp;returnto=451</subfield>
  </datafield>
  <datafield tag="670" ind1=" " ind2=" ">
    <subfield code="a">Éditions de la Sorbonne website, viewed November 18, 2019:</subfield>
    <subfield code="b">Table of contents (Sommaire) of L&apos;epistemologie historique: histoire et methodes (2019) (includes contribution in French by Samuel Talcott)</subfield>
    <subfield code="u">http://www.editions-sorbonne.fr/fr/livre/?GCOI=28405100934230,</subfield>
  </datafield>
</record>