
<record>
  <leader>01016nz  a2200229n  4500</leader>
  <controlfield tag="001">11258441</controlfield>
  <controlfield tag="003">DLC</controlfield>
  <controlfield tag="005">20200104073056.0</controlfield>
  <controlfield tag="008">200103n| azannaabn          |n aaa     c</controlfield>
  <datafield tag="010" ind1=" " ind2=" ">
    <subfield code="a">no2020000738</subfield>
  </datafield>
  <datafield tag="035" ind1=" " ind2=" ">
    <subfield code="a">(OCoLC)oca12670159</subfield>
  </datafield>
  <datafield tag="040" ind1=" " ind2=" ">
    <subfield code="a">ICrlF</subfield>
    <subfield code="b">eng</subfield>
    <subfield code="e">rda</subfield>
    <subfield code="c">ICrlF</subfield>
  </datafield>
  <datafield tag="046" ind1=" " ind2=" ">
    <subfield code="f">1953</subfield>
    <subfield code="2">edtf</subfield>
  </datafield>
  <datafield tag="100" ind1="1" ind2=" ">
    <subfield code="a">Relyea, Gregg F.,</subfield>
    <subfield code="d">1953-</subfield>
  </datafield>
  <datafield tag="370" ind1=" " ind2=" ">
    <subfield code="e">California</subfield>
    <subfield code="2">naf</subfield>
  </datafield>
  <datafield tag="372" ind1=" " ind2=" ">
    <subfield code="a">Negotiation--Study and teaching</subfield>
    <subfield code="a">Mediation</subfield>
    <subfield code="a">Law</subfield>
    <subfield code="2">lcsh</subfield>
  </datafield>
  <datafield tag="374" ind1=" " ind2=" ">
    <subfield code="a">College teachers</subfield>
    <subfield code="a">Lawyers</subfield>
    <subfield code="a">Mediators (Persons)</subfield>
    <subfield code="2">lcsh</subfield>
  </datafield>
  <datafield tag="375" ind1=" " ind2=" ">
    <subfield code="a">Males</subfield>
    <subfield code="2">lcdgt</subfield>
  </datafield>
  <datafield tag="377" ind1=" " ind2=" ">
    <subfield code="a">eng</subfield>
  </datafield>
  <datafield tag="378" ind1=" " ind2=" ">
    <subfield code="q">Gregg Frederick</subfield>
  </datafield>
  <datafield tag="670" ind1=" " ind2=" ">
    <subfield code="a">Relyea, Gregg F. Trouble at the watering hole, 2017:</subfield>
    <subfield code="b">title page (Gregg F. Relyea and Joshua N. Weiss) title page verso (Mr. Relyea is a mediator, negotiation teacher, and lawyer ; teaches negotiation at the University of San Diego School of Law and the University of California, San Diego)</subfield>
  </datafield>
  <datafield tag="670" ind1=" " ind2=" ">
    <subfield code="a">Copyright website, viewed Jan. 3, 2020</subfield>
    <subfield code="b">(Relyea, Gregg F., 1953- ; Relyea, Gregg Frederick ; Relyea, Gregg Frederick, 1953-)</subfield>
  </datafield>
</record>