
<record>
  <leader>00649nz  a2200145n  4500</leader>
  <controlfield tag="001">11258442</controlfield>
  <controlfield tag="003">DLC</controlfield>
  <controlfield tag="005">20200104073056.0</controlfield>
  <controlfield tag="008">200103n| azannaabn          |n aaa     c</controlfield>
  <datafield tag="010" ind1=" " ind2=" ">
    <subfield code="a">no2020000739</subfield>
  </datafield>
  <datafield tag="035" ind1=" " ind2=" ">
    <subfield code="a">(OCoLC)oca12670160</subfield>
  </datafield>
  <datafield tag="040" ind1=" " ind2=" ">
    <subfield code="a">AkU</subfield>
    <subfield code="b">eng</subfield>
    <subfield code="e">rda</subfield>
    <subfield code="c">AkU</subfield>
  </datafield>
  <datafield tag="100" ind1="1" ind2=" ">
    <subfield code="a">Weaver, Sophie Alden</subfield>
  </datafield>
  <datafield tag="373" ind1=" " ind2=" ">
    <subfield code="a">University of Alaska Fairbanks. Department of Biology and Wildlife</subfield>
  </datafield>
  <datafield tag="670" ind1=" " ind2=" ">
    <subfield code="a">Resource limitation of autotrophs and heterotrophs in boreal forest headwater streams, 2019:</subfield>
    <subfield code="b">title page (Sophie Alden Weaver; a thesis submitted in partial fulfillment of the requirements for the degree of Master of Science in Biology, University of Alaska Fairbanks)</subfield>
  </datafield>
</record>