
<record>
  <leader>00479nz  a2200145n  4500</leader>
  <controlfield tag="001">11258444</controlfield>
  <controlfield tag="003">DLC</controlfield>
  <controlfield tag="005">20200104073056.0</controlfield>
  <controlfield tag="008">200103n| azannaabn          |n aaa     c</controlfield>
  <datafield tag="010" ind1=" " ind2=" ">
    <subfield code="a">no2020000742</subfield>
  </datafield>
  <datafield tag="035" ind1=" " ind2=" ">
    <subfield code="a">(OCoLC)oca12670163</subfield>
  </datafield>
  <datafield tag="040" ind1=" " ind2=" ">
    <subfield code="a">DGU</subfield>
    <subfield code="b">eng</subfield>
    <subfield code="e">rda</subfield>
    <subfield code="c">DGU</subfield>
  </datafield>
  <datafield tag="046" ind1=" " ind2=" ">
    <subfield code="f">1986</subfield>
  </datafield>
  <datafield tag="100" ind1="1" ind2=" ">
    <subfield code="a">Maritato, Chiara,</subfield>
    <subfield code="d">1986-</subfield>
  </datafield>
  <datafield tag="670" ind1=" " ind2=" ">
    <subfield code="a">Maritato, Chiara. Women, religion and the state in contemporary Turkey, 2020:</subfield>
    <subfield code="b">ECIP title page (Chiara Maritato) ECIP contributor information (born in 1986)</subfield>
  </datafield>
</record>