
<record>
  <leader>00929nz  a2200205n  4500</leader>
  <controlfield tag="001">11258446</controlfield>
  <controlfield tag="003">DLC</controlfield>
  <controlfield tag="005">20200104073057.0</controlfield>
  <controlfield tag="008">200103n| azannaabn          |a ana     c</controlfield>
  <datafield tag="010" ind1=" " ind2=" ">
    <subfield code="a">no2020000744</subfield>
  </datafield>
  <datafield tag="035" ind1=" " ind2=" ">
    <subfield code="a">(OCoLC)oca12670165</subfield>
  </datafield>
  <datafield tag="040" ind1=" " ind2=" ">
    <subfield code="a">IEN</subfield>
    <subfield code="b">eng</subfield>
    <subfield code="e">rda</subfield>
    <subfield code="c">IEN</subfield>
  </datafield>
  <datafield tag="046" ind1=" " ind2=" ">
    <subfield code="s">2018-11-01</subfield>
    <subfield code="t">2018-11-03</subfield>
    <subfield code="2">edtf</subfield>
  </datafield>
  <datafield tag="110" ind1="2" ind2=" ">
    <subfield code="a">Association for the Study of the Middle East and Africa.</subfield>
    <subfield code="b">Annual Conference</subfield>
    <subfield code="n">(11th :</subfield>
    <subfield code="d">2018 :</subfield>
    <subfield code="c">Washington, D.C.)</subfield>
  </datafield>
  <datafield tag="368" ind1=" " ind2=" ">
    <subfield code="a">Congresses and conventions</subfield>
    <subfield code="2">lcsh</subfield>
  </datafield>
  <datafield tag="370" ind1=" " ind2=" ">
    <subfield code="e">Washington (D.C.)</subfield>
    <subfield code="2">naf</subfield>
  </datafield>
  <datafield tag="372" ind1=" " ind2=" ">
    <subfield code="a">Middle East--Study and teaching</subfield>
    <subfield code="a">Africa--Study and teaching</subfield>
    <subfield code="2">lcsh</subfield>
  </datafield>
  <datafield tag="377" ind1=" " ind2=" ">
    <subfield code="a">eng</subfield>
  </datafield>
  <datafield tag="411" ind1="2" ind2=" ">
    <subfield code="a">Annual ASMEA Conference</subfield>
    <subfield code="n">(11th :</subfield>
    <subfield code="d">2018 :</subfield>
    <subfield code="c">Washington, D.C.)</subfield>
  </datafield>
  <datafield tag="670" ind1=" " ind2=" ">
    <subfield code="a">Tradition, evolution, and revolution in the Middle East and Africa, 2018:</subfield>
    <subfield code="b">cover (eleventh Annual ASMEA Conference, held November 1-3, 2018 in Washington, D.C.) back cover (Association for the Study of the Middle East and Africa)</subfield>
  </datafield>
</record>