
<record>
  <leader>01227nz  a2200253n  4500</leader>
  <controlfield tag="001">11258449</controlfield>
  <controlfield tag="003">DLC</controlfield>
  <controlfield tag="005">20200104073057.0</controlfield>
  <controlfield tag="008">200103n| azannaabn          |b aaa     c</controlfield>
  <datafield tag="010" ind1=" " ind2=" ">
    <subfield code="a">no2020000747</subfield>
  </datafield>
  <datafield tag="035" ind1=" " ind2=" ">
    <subfield code="a">(OCoLC)oca12670168</subfield>
  </datafield>
  <datafield tag="040" ind1=" " ind2=" ">
    <subfield code="a">InU</subfield>
    <subfield code="b">eng</subfield>
    <subfield code="e">rda</subfield>
    <subfield code="c">InU</subfield>
  </datafield>
  <datafield tag="046" ind1=" " ind2=" ">
    <subfield code="k">2018</subfield>
    <subfield code="2">edtf</subfield>
  </datafield>
  <datafield tag="100" ind1="1" ind2=" ">
    <subfield code="a">Poli︠a︡kov, I︠U︡riĭ.</subfield>
    <subfield code="t">Works.</subfield>
    <subfield code="f">2018</subfield>
  </datafield>
  <datafield tag="377" ind1=" " ind2=" ">
    <subfield code="a">rus</subfield>
  </datafield>
  <datafield tag="400" ind1="1" ind2=" ">
    <subfield code="a">Поляков, Юрий.</subfield>
    <subfield code="t">Works.</subfield>
    <subfield code="f">2018</subfield>
  </datafield>
  <datafield tag="400" ind1="1" ind2=" ">
    <subfield code="a">Poli︠a︡kov, I︠U︡riĭ.</subfield>
    <subfield code="t">Sobranie sochineniĭ I︠U︡rii︠a︡ Poli︠a︡kova v 12 tomakh</subfield>
  </datafield>
  <datafield tag="400" ind1="1" ind2=" ">
    <subfield code="a">Poli︠a︡kov, I︠U︡riĭ.</subfield>
    <subfield code="t">Собрание сочинений Юрия Полякова в 12 томах</subfield>
  </datafield>
  <datafield tag="430" ind1=" " ind2="0">
    <subfield code="a">Sobranie sochineniĭ I︠U︡rii︠a︡ Poli︠a︡kova v 12 tomakh</subfield>
  </datafield>
  <datafield tag="430" ind1=" " ind2="0">
    <subfield code="a">Собрание сочинений Юрия Полякова в 12 томах</subfield>
  </datafield>
  <datafield tag="430" ind1=" " ind2="0">
    <subfield code="a">Sobranie sochineniĭ I︠U︡rii︠a︡ Poli︠a︡kova v dvenadt︠s︡ati tomakh</subfield>
  </datafield>
  <datafield tag="430" ind1=" " ind2="0">
    <subfield code="a">Собрание сочинений Юрия Полякова в двенадцати томах</subfield>
  </datafield>
  <datafield tag="667" ind1=" " ind2=" ">
    <subfield code="a">Non-Latin script references not evaluated.</subfield>
  </datafield>
  <datafield tag="670" ind1=" " ind2=" ">
    <subfield code="a">Poli︠a︡kov, I︠U︡riĭ. Sobranie sochineniĭ I︠U︡rii︠a︡ Poli︠a︡kova v 12 tomakh, 2018-</subfield>
  </datafield>
</record>