
<record>
  <leader>00930nz  a2200229n  4500</leader>
  <controlfield tag="001">11258453</controlfield>
  <controlfield tag="003">DLC</controlfield>
  <controlfield tag="005">20200104073058.0</controlfield>
  <controlfield tag="008">200103n| azannaabn           n aaa     c</controlfield>
  <datafield tag="010" ind1=" " ind2=" ">
    <subfield code="a">no2020000753</subfield>
  </datafield>
  <datafield tag="035" ind1=" " ind2=" ">
    <subfield code="a">(OCoLC)oca12670174</subfield>
  </datafield>
  <datafield tag="040" ind1=" " ind2=" ">
    <subfield code="a">CtWfDGI</subfield>
    <subfield code="b">eng</subfield>
    <subfield code="e">rda</subfield>
    <subfield code="c">CtWfDGI</subfield>
  </datafield>
  <datafield tag="046" ind1=" " ind2=" ">
    <subfield code="f">1933-09-11</subfield>
    <subfield code="2">edtf</subfield>
  </datafield>
  <datafield tag="100" ind1="1" ind2=" ">
    <subfield code="a">Smith, Donald B.</subfield>
    <subfield code="q">(Donald Bertrand),</subfield>
    <subfield code="c">Jr.,</subfield>
    <subfield code="d">1933-</subfield>
  </datafield>
  <datafield tag="372" ind1=" " ind2=" ">
    <subfield code="a">Command of troops</subfield>
    <subfield code="a">Leadership</subfield>
    <subfield code="2">lcsh</subfield>
  </datafield>
  <datafield tag="373" ind1=" " ind2=" ">
    <subfield code="a">United States Army Infantry School</subfield>
    <subfield code="a">United States Military Academy</subfield>
    <subfield code="2">naf</subfield>
  </datafield>
  <datafield tag="374" ind1=" " ind2=" ">
    <subfield code="a">Armed Forces--Officers</subfield>
    <subfield code="2">lcsh</subfield>
  </datafield>
  <datafield tag="375" ind1=" " ind2=" ">
    <subfield code="a">Males</subfield>
    <subfield code="2">lcdgt</subfield>
  </datafield>
  <datafield tag="377" ind1=" " ind2=" ">
    <subfield code="a">eng</subfield>
  </datafield>
  <datafield tag="378" ind1=" " ind2=" ">
    <subfield code="q">Donald Bertrand</subfield>
  </datafield>
  <datafield tag="670" ind1=" " ind2=" ">
    <subfield code="a">Smith, D. Additional 81mm mortars in the rifle company, 1961:</subfield>
    <subfield code="b">title leaf (Donald B. Smith; Captain, Infantry)</subfield>
  </datafield>
  <datafield tag="670" ind1=" " ind2=" ">
    <subfield code="a">Department of the Army. U.S. Army register, 1965:</subfield>
    <subfield code="b">vol. 1, p. 500 (Smith, Donald Bertrand, Jr.; B- Tex 11 Sep 33; BSUSMA 56; Grad Inf Sch O Bsc Crse 56, O Career Crs 62)</subfield>
  </datafield>
</record>