
<record>
  <leader>00913nz  a2200217n  4500</leader>
  <controlfield tag="001">11258454</controlfield>
  <controlfield tag="003">DLC</controlfield>
  <controlfield tag="005">20200104073058.0</controlfield>
  <controlfield tag="008">200103n| azannaabn          |a aaa     c</controlfield>
  <datafield tag="010" ind1=" " ind2=" ">
    <subfield code="a">no2020000761</subfield>
  </datafield>
  <datafield tag="035" ind1=" " ind2=" ">
    <subfield code="a">(OCoLC)oca12670182</subfield>
  </datafield>
  <datafield tag="040" ind1=" " ind2=" ">
    <subfield code="a">UPB-Mu</subfield>
    <subfield code="b">eng</subfield>
    <subfield code="e">rda</subfield>
    <subfield code="c">UPB-Mu</subfield>
  </datafield>
  <datafield tag="100" ind1="1" ind2=" ">
    <subfield code="a">Jones, Amy Elizabeth</subfield>
    <subfield code="c">(Singer)</subfield>
  </datafield>
  <datafield tag="372" ind1=" " ind2=" ">
    <subfield code="a">Music</subfield>
    <subfield code="a">Musical theater</subfield>
    <subfield code="2">lcsh</subfield>
  </datafield>
  <datafield tag="374" ind1=" " ind2=" ">
    <subfield code="a">Singers</subfield>
    <subfield code="a">Actresses</subfield>
    <subfield code="2">lcsh</subfield>
  </datafield>
  <datafield tag="375" ind1=" " ind2=" ">
    <subfield code="a">Females</subfield>
    <subfield code="2">lcdgt</subfield>
  </datafield>
  <datafield tag="400" ind1="1" ind2=" ">
    <subfield code="a">Jones, Amy E.</subfield>
    <subfield code="c">(Singer)</subfield>
  </datafield>
  <datafield tag="400" ind1="1" ind2=" ">
    <subfield code="a">Jones, Amy</subfield>
    <subfield code="c">(Singer)</subfield>
  </datafield>
  <datafield tag="667" ind1=" " ind2=" ">
    <subfield code="a">Cannot identify with other persons named Amy Jones, Amy E. Jones, or Amy Elizabeth Jones</subfield>
  </datafield>
  <datafield tag="670" ind1=" " ind2=" ">
    <subfield code="a">Swingtime canteen, ℗1997:</subfield>
    <subfield code="b">label (Amy Elizabeth Jones as Topeka Abotelli)</subfield>
  </datafield>
  <datafield tag="670" ind1=" " ind2=" ">
    <subfield code="a">abouttheartists.com, via WWW, 4 November 2019</subfield>
    <subfield code="b">(Amy Elizabeth Jones [blond hair], also known as Amy Jones, Amy E. Jones; performance credits: Swingtime Canteen, as Topeka Abotelli, in La Mirada, CA, Feb 2002)</subfield>
  </datafield>
</record>