
<record>
  <leader>00947nz  a2200193n  4500</leader>
  <controlfield tag="001">11258464</controlfield>
  <controlfield tag="003">DLC</controlfield>
  <controlfield tag="005">20200104073100.0</controlfield>
  <controlfield tag="008">200103n| azannaabn          |n aaa     c</controlfield>
  <datafield tag="010" ind1=" " ind2=" ">
    <subfield code="a">no2020000771</subfield>
  </datafield>
  <datafield tag="035" ind1=" " ind2=" ">
    <subfield code="a">(OCoLC)oca12670192</subfield>
  </datafield>
  <datafield tag="040" ind1=" " ind2=" ">
    <subfield code="a">DGW-L</subfield>
    <subfield code="b">eng</subfield>
    <subfield code="e">rda</subfield>
    <subfield code="c">DGW-L</subfield>
  </datafield>
  <datafield tag="100" ind1="1" ind2=" ">
    <subfield code="a">Dürnberger, Christian</subfield>
  </datafield>
  <datafield tag="370" ind1=" " ind2=" ">
    <subfield code="c">Austria</subfield>
    <subfield code="f">Vienna (Austria)</subfield>
    <subfield code="2">naf</subfield>
  </datafield>
  <datafield tag="372" ind1=" " ind2=" ">
    <subfield code="a">Veterinarians--Professional ethics</subfield>
    <subfield code="a">Ethics</subfield>
    <subfield code="a">Gene editing</subfield>
    <subfield code="2">lcsh</subfield>
  </datafield>
  <datafield tag="373" ind1=" " ind2=" ">
    <subfield code="a">Universität Wien</subfield>
    <subfield code="2">naf</subfield>
  </datafield>
  <datafield tag="377" ind1=" " ind2=" ">
    <subfield code="a">eng</subfield>
  </datafield>
  <datafield tag="670" ind1=" " ind2=" ">
    <subfield code="a">Genome editing in agriculture, 2019:</subfield>
    <subfield code="b">title page (Christian Dürnberger) page 291 (Christian Dürnberger, doctor of philosophy; his main research interests include veterinary ethics and ethics in the context of agriculture; since 2015, working at the Messerli Research Institute, Unit Ethics and Human-Animal Studies, University of Vienna)</subfield>
  </datafield>
  <datafield tag="670" ind1=" " ind2=" ">
    <subfield code="a">Deutsche Nationalbibliothek via the VIAF, January 3, 2020</subfield>
    <subfield code="b">(access point: Dürnberger, Christian)</subfield>
  </datafield>
</record>