
<record>
  <leader>00972nz  a2200205n  4500</leader>
  <controlfield tag="001">11258465</controlfield>
  <controlfield tag="003">DLC</controlfield>
  <controlfield tag="005">20200104073100.0</controlfield>
  <controlfield tag="008">200103n| azannaabn          |b ana     c</controlfield>
  <datafield tag="010" ind1=" " ind2=" ">
    <subfield code="a">no2020000772</subfield>
  </datafield>
  <datafield tag="035" ind1=" " ind2=" ">
    <subfield code="a">(OCoLC)oca12670193</subfield>
  </datafield>
  <datafield tag="040" ind1=" " ind2=" ">
    <subfield code="a">DHMM</subfield>
    <subfield code="b">eng</subfield>
    <subfield code="e">rda</subfield>
    <subfield code="c">DHMM</subfield>
  </datafield>
  <datafield tag="151" ind1=" " ind2=" ">
    <subfield code="a">Solomenskoe (Russia)</subfield>
  </datafield>
  <datafield tag="451" ind1=" " ind2=" ">
    <subfield code="a">Соломенское (Russia)</subfield>
  </datafield>
  <datafield tag="451" ind1=" " ind2=" ">
    <subfield code="a">Solomenskoye (Russia)</subfield>
  </datafield>
  <datafield tag="667" ind1=" " ind2=" ">
    <subfield code="a">Non-Latin script references not evaluated.</subfield>
  </datafield>
  <datafield tag="670" ind1=" " ind2=" ">
    <subfield code="a">US Holocaust Memorial Museum catalog, 3 January 2020</subfield>
    <subfield code="b">(Solomenskoe (Russia))</subfield>
  </datafield>
  <datafield tag="670" ind1=" " ind2=" ">
    <subfield code="a">GEOnet, 3 January 2020</subfield>
    <subfield code="b">(Solomenskoye; PPL, 44°13ʹ00ʺN, 044°21ʹ10ʺE; Stavropolʹskiy Kray, Russia; variant: Соломенское)</subfield>
  </datafield>
  <datafield tag="670" ind1=" " ind2=" ">
    <subfield code="a">Russian State Library, 3 January 2020</subfield>
    <subfield code="b">(Соломенское, село (Российская Федерация, Ставропольский край, Степновский район))</subfield>
    <subfield code="u">http://www.rsl.ru/ru/s97/s339/</subfield>
  </datafield>
  <datafield tag="781" ind1=" " ind2="0">
    <subfield code="z">Russia (Federation)</subfield>
    <subfield code="z">Solomenskoe</subfield>
  </datafield>
</record>