
<record>
  <leader>01000nz  a2200229n  4500</leader>
  <controlfield tag="001">11258467</controlfield>
  <controlfield tag="003">DLC</controlfield>
  <controlfield tag="005">20200104073100.0</controlfield>
  <controlfield tag="008">200103n| azannaabn          |a aaa     c</controlfield>
  <datafield tag="010" ind1=" " ind2=" ">
    <subfield code="a">no2020000774</subfield>
  </datafield>
  <datafield tag="035" ind1=" " ind2=" ">
    <subfield code="a">(OCoLC)oca12670195</subfield>
  </datafield>
  <datafield tag="040" ind1=" " ind2=" ">
    <subfield code="a">CoU</subfield>
    <subfield code="b">eng</subfield>
    <subfield code="e">rda</subfield>
    <subfield code="c">CoU</subfield>
  </datafield>
  <datafield tag="100" ind1="1" ind2=" ">
    <subfield code="a">Mastin, K. M.</subfield>
    <subfield code="q">(Kevin M.)</subfield>
  </datafield>
  <datafield tag="370" ind1=" " ind2=" ">
    <subfield code="f">Leadville (Colo.)</subfield>
    <subfield code="2">naf</subfield>
  </datafield>
  <datafield tag="372" ind1=" " ind2=" ">
    <subfield code="a">Illustration</subfield>
    <subfield code="a">Graphic design</subfield>
    <subfield code="2">lcsh</subfield>
  </datafield>
  <datafield tag="373" ind1=" " ind2=" ">
    <subfield code="a">The Mastin Group</subfield>
    <subfield code="a">Stray Horse Arts</subfield>
  </datafield>
  <datafield tag="374" ind1=" " ind2=" ">
    <subfield code="a">Illustrators</subfield>
    <subfield code="a">Graphic designers</subfield>
    <subfield code="2">lcsh</subfield>
  </datafield>
  <datafield tag="378" ind1=" " ind2=" ">
    <subfield code="q">Kevin M.</subfield>
  </datafield>
  <datafield tag="400" ind1="1" ind2=" ">
    <subfield code="a">Mastin, Kevin M.</subfield>
  </datafield>
  <datafield tag="670" ind1=" " ind2=" ">
    <subfield code="a">Cooper, 2018:</subfield>
    <subfield code="b">map recto (K. M. Mastin)</subfield>
  </datafield>
  <datafield tag="670" ind1=" " ind2=" ">
    <subfield code="a">Summit County, Colorado, 2006:</subfield>
    <subfield code="b">map recto (K. M. Mastin)</subfield>
  </datafield>
  <datafield tag="670" ind1=" " ind2=" ">
    <subfield code="a">Kevin Mastin&apos;s web site, viewed December 20, 2019</subfield>
    <subfield code="b">contact page (Kevin M. Mastin, commercial and ski trail map artist, illustrator, and graphic designer. Owner of The Mastin Group, commercial art &amp; design, and Stray Horse Arts, Inc, ski trail map art and printing, Leadville, Colorado)</subfield>
    <subfield code="u">https://www.kevinmastin.com/</subfield>
  </datafield>
</record>