
<record>
  <leader>00539nz  a2200157n  4500</leader>
  <controlfield tag="001">11258468</controlfield>
  <controlfield tag="003">DLC</controlfield>
  <controlfield tag="005">20200104073101.0</controlfield>
  <controlfield tag="008">200103n| azannaabn          |n aaa     c</controlfield>
  <datafield tag="010" ind1=" " ind2=" ">
    <subfield code="a">no2020000775</subfield>
  </datafield>
  <datafield tag="035" ind1=" " ind2=" ">
    <subfield code="a">(OCoLC)oca12670196</subfield>
  </datafield>
  <datafield tag="040" ind1=" " ind2=" ">
    <subfield code="a">NcGU</subfield>
    <subfield code="b">eng</subfield>
    <subfield code="e">rda</subfield>
    <subfield code="c">NcGU</subfield>
  </datafield>
  <datafield tag="046" ind1=" " ind2=" ">
    <subfield code="f">1968-11-26</subfield>
    <subfield code="2">edtf</subfield>
  </datafield>
  <datafield tag="100" ind1="1" ind2=" ">
    <subfield code="a">Leick, Kasper,</subfield>
    <subfield code="d">1968-</subfield>
  </datafield>
  <datafield tag="670" ind1=" " ind2=" ">
    <subfield code="a">Unga Astrid, 2019:</subfield>
    <subfield code="b">container (Kasper Leick, editor)</subfield>
  </datafield>
  <datafield tag="670" ind1=" " ind2=" ">
    <subfield code="a">IMDb, viewed January 3, 2020:</subfield>
    <subfield code="b">Kasper Leick (film editor born November 26, 1968)</subfield>
    <subfield code="u">https://www.imdb.com/name/nm0500099/?ref_=ttfc_fc_cr23</subfield>
  </datafield>
</record>