
<record>
  <leader>01156nz  a2200217n  4500</leader>
  <controlfield tag="001">11258469</controlfield>
  <controlfield tag="003">DLC</controlfield>
  <controlfield tag="005">20200104073101.0</controlfield>
  <controlfield tag="008">200103n| azannaabn          |n aaa     c</controlfield>
  <datafield tag="010" ind1=" " ind2=" ">
    <subfield code="a">no2020000776</subfield>
  </datafield>
  <datafield tag="035" ind1=" " ind2=" ">
    <subfield code="a">(OCoLC)oca12670197</subfield>
  </datafield>
  <datafield tag="040" ind1=" " ind2=" ">
    <subfield code="a">OrU</subfield>
    <subfield code="b">eng</subfield>
    <subfield code="e">rda</subfield>
    <subfield code="c">OrU</subfield>
  </datafield>
  <datafield tag="046" ind1=" " ind2=" ">
    <subfield code="f">1744-01-15</subfield>
    <subfield code="g">1809-04-14</subfield>
    <subfield code="2">edtf</subfield>
  </datafield>
  <datafield tag="100" ind1="1" ind2=" ">
    <subfield code="a">Kennion, Edward,</subfield>
    <subfield code="d">1744-1809</subfield>
  </datafield>
  <datafield tag="370" ind1=" " ind2=" ">
    <subfield code="a">Liverpool (England)</subfield>
    <subfield code="2">naf</subfield>
  </datafield>
  <datafield tag="372" ind1=" " ind2=" ">
    <subfield code="a">Landscape painting</subfield>
    <subfield code="2">lcsh</subfield>
  </datafield>
  <datafield tag="374" ind1=" " ind2=" ">
    <subfield code="a">Landscape painters</subfield>
    <subfield code="a">Watercolorists</subfield>
    <subfield code="2">lcsh</subfield>
  </datafield>
  <datafield tag="670" ind1=" " ind2=" ">
    <subfield code="a">Kennion, Edward. An essay on trees in landscape, 1815:</subfield>
    <subfield code="b">title page (by the late Edward Kennion) page i (died 1809) page iii (born in Liverpool, January 15, 1743)</subfield>
  </datafield>
  <datafield tag="670" ind1=" " ind2=" ">
    <subfield code="a">Wikipedia, viewed January 3, 2020</subfield>
    <subfield code="b">(Edward Kennion; born on 15 January 1744 in Liverpool; died suddenly in London on 14 April 1809)</subfield>
  </datafield>
  <datafield tag="670" ind1=" " ind2=" ">
    <subfield code="a">Oxford dictionary of national biography, viewed online, January 3, 2020</subfield>
    <subfield code="b">(Edward Kennion; born on 15 January 1744 in Liverpool; died in London on 14 April 1809)</subfield>
  </datafield>
  <datafield tag="670" ind1=" " ind2=" ">
    <subfield code="a">Getty Union list of artist names online, viewed January 3, 2020</subfield>
    <subfield code="b">(Edward Kennion; born in Liverpool in 1744; died in 1809 in London; artist; painter; watercolorist)</subfield>
  </datafield>
</record>