
<record>
  <leader>00764nz  a2200181n  4500</leader>
  <controlfield tag="001">11258470</controlfield>
  <controlfield tag="003">DLC</controlfield>
  <controlfield tag="005">20200104073101.0</controlfield>
  <controlfield tag="008">200103n| azannaabn          |n aaa     c</controlfield>
  <datafield tag="010" ind1=" " ind2=" ">
    <subfield code="a">no2020000777</subfield>
  </datafield>
  <datafield tag="035" ind1=" " ind2=" ">
    <subfield code="a">(OCoLC)oca12670198</subfield>
  </datafield>
  <datafield tag="040" ind1=" " ind2=" ">
    <subfield code="a">SdB</subfield>
    <subfield code="b">eng</subfield>
    <subfield code="e">rda</subfield>
    <subfield code="c">SdB</subfield>
  </datafield>
  <datafield tag="046" ind1=" " ind2=" ">
    <subfield code="f">1921-02-23</subfield>
    <subfield code="g">2001-10-09</subfield>
    <subfield code="2">edtf</subfield>
  </datafield>
  <datafield tag="100" ind1="1" ind2=" ">
    <subfield code="a">Hunt, Frances,</subfield>
    <subfield code="d">1921-2001</subfield>
  </datafield>
  <datafield tag="370" ind1=" " ind2=" ">
    <subfield code="a">York (Neb.)</subfield>
    <subfield code="b">Sioux Falls (S.D.)</subfield>
    <subfield code="c">United States</subfield>
    <subfield code="e">Clark (S.D.)</subfield>
    <subfield code="2">naf</subfield>
  </datafield>
  <datafield tag="377" ind1=" " ind2=" ">
    <subfield code="a">eng</subfield>
  </datafield>
  <datafield tag="670" ind1=" " ind2=" ">
    <subfield code="a">Thorp township history, 1976:</subfield>
    <subfield code="b">title page (Mrs. Kenneth (Frances) Hunt)</subfield>
  </datafield>
  <datafield tag="670" ind1=" " ind2=" ">
    <subfield code="a">Find a Grave website, January 3, 2020</subfield>
    <subfield code="b">(Frances L. Hunt; birth: 23 Feb 1921, York, York County, Nebraska, USA; death: 9 Oct 2001, Sioux Falls, Minnehaha County, South Dakota, USA; lived on a farm north of Clark for many years)</subfield>
  </datafield>
</record>