
<record>
  <leader>00913nz  a2200193n  4500</leader>
  <controlfield tag="001">11258471</controlfield>
  <controlfield tag="003">DLC</controlfield>
  <controlfield tag="005">20200104073101.0</controlfield>
  <controlfield tag="008">200103n| azannaabn          |n aaa     c</controlfield>
  <datafield tag="010" ind1=" " ind2=" ">
    <subfield code="a">no2020000778</subfield>
  </datafield>
  <datafield tag="035" ind1=" " ind2=" ">
    <subfield code="a">(OCoLC)oca12670199</subfield>
  </datafield>
  <datafield tag="040" ind1=" " ind2=" ">
    <subfield code="a">ICrlF</subfield>
    <subfield code="b">eng</subfield>
    <subfield code="e">rda</subfield>
    <subfield code="c">ICrlF</subfield>
  </datafield>
  <datafield tag="100" ind1="1" ind2=" ">
    <subfield code="a">McLaurin, Patrice</subfield>
  </datafield>
  <datafield tag="370" ind1=" " ind2=" ">
    <subfield code="a">Bessemer (Ala.)</subfield>
    <subfield code="e">Lawrenceville (Ga.)</subfield>
    <subfield code="2">naf</subfield>
  </datafield>
  <datafield tag="372" ind1=" " ind2=" ">
    <subfield code="a">Cultural property</subfield>
    <subfield code="a">Children&apos;s literature</subfield>
    <subfield code="2">lcsh</subfield>
  </datafield>
  <datafield tag="374" ind1=" " ind2=" ">
    <subfield code="a">Authors</subfield>
    <subfield code="2">lcsh</subfield>
  </datafield>
  <datafield tag="375" ind1=" " ind2=" ">
    <subfield code="a">Females</subfield>
    <subfield code="2">lcdgt</subfield>
  </datafield>
  <datafield tag="377" ind1=" " ind2=" ">
    <subfield code="a">eng</subfield>
  </datafield>
  <datafield tag="670" ind1=" " ind2=" ">
    <subfield code="a">McLaurin, Patrice. Have you thanked an inventor today?, 2016:</subfield>
    <subfield code="b">title page (by Patrice McLaurin) about the author (began as a volunteer at a local Girls Inc., where she taught a cultural heritage course, designed to promote self-esteem and self-determination ; this is her first children&apos;s book ; she is a native of Bessemer, AL and a graduate of Alabama A&amp;M University ; she currently lives in Lawrenceville, GA)</subfield>
  </datafield>
</record>