
<record>
  <leader>00746nz  a2200181n  4500</leader>
  <controlfield tag="001">11258474</controlfield>
  <controlfield tag="003">DLC</controlfield>
  <controlfield tag="005">20200104073101.0</controlfield>
  <controlfield tag="008">200103n| azannaabn          |a aaa     c</controlfield>
  <datafield tag="010" ind1=" " ind2=" ">
    <subfield code="a">no2020000781</subfield>
  </datafield>
  <datafield tag="035" ind1=" " ind2=" ">
    <subfield code="a">(OCoLC)oca12670202</subfield>
  </datafield>
  <datafield tag="040" ind1=" " ind2=" ">
    <subfield code="a">MsCleD</subfield>
    <subfield code="b">eng</subfield>
    <subfield code="e">rda</subfield>
    <subfield code="c">MsCleD</subfield>
  </datafield>
  <datafield tag="100" ind1="1" ind2=" ">
    <subfield code="a">Veguilla-Berdecia, Luis A.</subfield>
  </datafield>
  <datafield tag="373" ind1=" " ind2=" ">
    <subfield code="a">University of Puerto Rico (Río Piedras Campus)</subfield>
    <subfield code="2">naf</subfield>
  </datafield>
  <datafield tag="378" ind1=" " ind2=" ">
    <subfield code="q">Luis Antonio</subfield>
  </datafield>
  <datafield tag="400" ind1="1" ind2=" ">
    <subfield code="a">Berdecia, Luis A. Veguilla-</subfield>
  </datafield>
  <datafield tag="670" ind1=" " ind2=" ">
    <subfield code="a">Chemistry and society, ©1972:</subfield>
    <subfield code="b">title page (Luis A. Veguilla-Berdecia, University of Puerto Rico, Rio Piedras)</subfield>
  </datafield>
  <datafield tag="670" ind1=" " ind2=" ">
    <subfield code="a">OCLC, January 3, 2020</subfield>
    <subfield code="b">(access points: Veguilla-Berdecia, Luis A.; Veguilla-Berdecia, Luis Antonio; usages: Luis A. Veguilla-Berdecia; Luis Antonio Veguilla-Berdecia)</subfield>
  </datafield>
</record>