
<record>
  <leader>01148nz  a2200229n  4500</leader>
  <controlfield tag="001">11258475</controlfield>
  <controlfield tag="003">DLC</controlfield>
  <controlfield tag="005">20200104073102.0</controlfield>
  <controlfield tag="008">200103n| azannaabn          |n aaa     c</controlfield>
  <datafield tag="010" ind1=" " ind2=" ">
    <subfield code="a">no2020000782</subfield>
  </datafield>
  <datafield tag="035" ind1=" " ind2=" ">
    <subfield code="a">(OCoLC)oca12670203</subfield>
  </datafield>
  <datafield tag="040" ind1=" " ind2=" ">
    <subfield code="a">MoSW-Mu</subfield>
    <subfield code="b">eng</subfield>
    <subfield code="e">rda</subfield>
    <subfield code="c">MoSW-Mu</subfield>
  </datafield>
  <datafield tag="046" ind1=" " ind2=" ">
    <subfield code="f">1957</subfield>
    <subfield code="2">edtf</subfield>
  </datafield>
  <datafield tag="100" ind1="1" ind2=" ">
    <subfield code="a">Berglund, Pelle,</subfield>
    <subfield code="d">1957-</subfield>
  </datafield>
  <datafield tag="370" ind1=" " ind2=" ">
    <subfield code="c">Sweden</subfield>
    <subfield code="e">Stockholm (Sweden)</subfield>
    <subfield code="2">naf</subfield>
  </datafield>
  <datafield tag="372" ind1=" " ind2=" ">
    <subfield code="a">Music</subfield>
    <subfield code="a">Concert tours--Management</subfield>
    <subfield code="2">lcsh</subfield>
  </datafield>
  <datafield tag="374" ind1=" " ind2=" ">
    <subfield code="a">Percussionists</subfield>
    <subfield code="a">Biographers</subfield>
    <subfield code="2">lcsh</subfield>
  </datafield>
  <datafield tag="375" ind1=" " ind2=" ">
    <subfield code="a">Males</subfield>
    <subfield code="2">lcdgt</subfield>
  </datafield>
  <datafield tag="377" ind1=" " ind2=" ">
    <subfield code="a">swe</subfield>
    <subfield code="a">eng</subfield>
  </datafield>
  <datafield tag="667" ind1=" " ind2=" ">
    <subfield code="a">Do not confuse with: Berglund, Pelle, 1939-</subfield>
  </datafield>
  <datafield tag="670" ind1=" " ind2=" ">
    <subfield code="a">Berglund, Pelle. Buddy Rich: one of a kind, 2019:</subfield>
    <subfield code="b">title page (Pelle Berglund) book jacket (Pelle Berglund; resident of Stockholm since 1979; trained percussionist; spends most of his time focusing on tour production and writing; author of biographies of industrialist L.O. Smith and Colonel Bertil Stroberg)</subfield>
  </datafield>
  <datafield tag="670" ind1=" " ind2=" ">
    <subfield code="a">VIAF, Jan. 3, 2020</subfield>
    <subfield code="b">(Berglund, Per, 1957- ; VIAF ID: 36904463; the biographies of Smith and Stroberg are listed under publications, which are in Swedish and English)</subfield>
    <subfield code="u">http://viaf.org/viaf/36904463/#Berglund,_Pelle,_1957-</subfield>
  </datafield>
</record>