
<record>
  <leader>01145nz  a2200253n  4500</leader>
  <controlfield tag="001">11258477</controlfield>
  <controlfield tag="003">DLC</controlfield>
  <controlfield tag="005">20200104073102.0</controlfield>
  <controlfield tag="008">200103n| azannaabn          |n aaa     c</controlfield>
  <datafield tag="010" ind1=" " ind2=" ">
    <subfield code="a">no2020000784</subfield>
  </datafield>
  <datafield tag="024" ind1="7" ind2=" ">
    <subfield code="a">0000-0002-3648-1411</subfield>
    <subfield code="2">orcid</subfield>
  </datafield>
  <datafield tag="035" ind1=" " ind2=" ">
    <subfield code="a">(OCoLC)oca12670205</subfield>
  </datafield>
  <datafield tag="040" ind1=" " ind2=" ">
    <subfield code="a">NNU</subfield>
    <subfield code="b">eng</subfield>
    <subfield code="e">rda</subfield>
    <subfield code="c">NNU</subfield>
  </datafield>
  <datafield tag="046" ind1=" " ind2=" ">
    <subfield code="f">1974-04-17</subfield>
    <subfield code="2">edtf</subfield>
  </datafield>
  <datafield tag="100" ind1="1" ind2=" ">
    <subfield code="a">Quarta, Gianluca,</subfield>
    <subfield code="d">1974-</subfield>
  </datafield>
  <datafield tag="370" ind1=" " ind2=" ">
    <subfield code="e">Lecce (Italy)</subfield>
    <subfield code="v">naf</subfield>
  </datafield>
  <datafield tag="373" ind1=" " ind2=" ">
    <subfield code="a">Università del Salento</subfield>
    <subfield code="2">naf</subfield>
  </datafield>
  <datafield tag="374" ind1=" " ind2=" ">
    <subfield code="a">Physicists</subfield>
    <subfield code="2">lcsh</subfield>
  </datafield>
  <datafield tag="375" ind1=" " ind2=" ">
    <subfield code="a">Males</subfield>
    <subfield code="2">lcdgt</subfield>
  </datafield>
  <datafield tag="377" ind1=" " ind2=" ">
    <subfield code="a">eng</subfield>
  </datafield>
  <datafield tag="670" ind1=" " ind2=" ">
    <subfield code="a">The Chalcolithic at Mersin-Yumuktepe, 2019:</subfield>
    <subfield code="b">page 45 (Gianluca Quarta, CEDAD (Centre for applied physics, Dating and Diagnostic) Department of Mathematics and Physics &quot;Ennio de Giorgi,&quot; University of Salento, Lecce, Italy)</subfield>
  </datafield>
  <datafield tag="670" ind1=" " ind2=" ">
    <subfield code="a">Università del Salento webpage, viewed January 3, 2020:</subfield>
    <subfield code="b">(Gianluca Quarta, Professore Associato at Dipartimento di Matematica e Fisica &quot;Ennio de Giorgi&quot; dell&apos;Università del Salento, PhD from Università di Lecce in 2004)</subfield>
  </datafield>
  <datafield tag="670" ind1=" " ind2=" ">
    <subfield code="a">Personal communication from author, January 3, 2020</subfield>
    <subfield code="b">(Born April 17, 1974)</subfield>
  </datafield>
  <datafield tag="672" ind1=" " ind2="0">
    <subfield code="a">Chalcolithic at Mersin-Yumuktepe</subfield>
  </datafield>
</record>