
<record>
  <leader>00405nz  a2200133n  4500</leader>
  <controlfield tag="001">11258480</controlfield>
  <controlfield tag="003">DLC</controlfield>
  <controlfield tag="005">20200104073103.0</controlfield>
  <controlfield tag="008">200103n| azannaabn          |n aaa     c</controlfield>
  <datafield tag="010" ind1=" " ind2=" ">
    <subfield code="a">no2020000787</subfield>
  </datafield>
  <datafield tag="035" ind1=" " ind2=" ">
    <subfield code="a">(OCoLC)oca12670208</subfield>
  </datafield>
  <datafield tag="040" ind1=" " ind2=" ">
    <subfield code="a">RPCL</subfield>
    <subfield code="b">eng</subfield>
    <subfield code="e">rda</subfield>
    <subfield code="c">RPCL</subfield>
  </datafield>
  <datafield tag="100" ind1="1" ind2=" ">
    <subfield code="a">Markoff, Florence</subfield>
  </datafield>
  <datafield tag="670" ind1=" " ind2=" ">
    <subfield code="a">Markoff, Florence. The Champlin Foundations present, 1999:</subfield>
    <subfield code="b">label (written and produced by Florence Markoff)</subfield>
  </datafield>
</record>