
<record>
  <leader>01980nz  a2200253n  4500</leader>
  <controlfield tag="001">11258481</controlfield>
  <controlfield tag="003">DLC</controlfield>
  <controlfield tag="005">20200104073103.0</controlfield>
  <controlfield tag="008">200103n| azannaabn          |n aaa     c</controlfield>
  <datafield tag="010" ind1=" " ind2=" ">
    <subfield code="a">no2020000788</subfield>
  </datafield>
  <datafield tag="035" ind1=" " ind2=" ">
    <subfield code="a">(OCoLC)oca12670209</subfield>
  </datafield>
  <datafield tag="040" ind1=" " ind2=" ">
    <subfield code="a">WMM</subfield>
    <subfield code="b">eng</subfield>
    <subfield code="e">rda</subfield>
    <subfield code="c">WMM</subfield>
  </datafield>
  <datafield tag="100" ind1="1" ind2=" ">
    <subfield code="a">Karabin, Geoffrey</subfield>
  </datafield>
  <datafield tag="372" ind1=" " ind2=" ">
    <subfield code="a">Philosophy</subfield>
    <subfield code="2">lcsh</subfield>
  </datafield>
  <datafield tag="374" ind1=" " ind2=" ">
    <subfield code="a">College teachers</subfield>
    <subfield code="2">lcsh</subfield>
  </datafield>
  <datafield tag="375" ind1=" " ind2=" ">
    <subfield code="a">Males</subfield>
    <subfield code="2">lcdgt</subfield>
  </datafield>
  <datafield tag="377" ind1=" " ind2=" ">
    <subfield code="a">eng</subfield>
  </datafield>
  <datafield tag="670" ind1=" " ind2=" ">
    <subfield code="a">G.E.M. Anscombe and the Catholic intellectual tradition, 2016:</subfield>
    <subfield code="b">title page (edited by John Mizzoni, Philip Pegan &amp; Geoffrey Karabin) cover page 4 (Assistant Professor of Philosophy at Neumann University)</subfield>
  </datafield>
  <datafield tag="670" ind1=" " ind2=" ">
    <subfield code="a">Neumann University website, viewed December 18, 2019:</subfield>
    <subfield code="b">Academics, Divisions, Arts &amp; Sciences, Faculty (Geoffrey Karabin; Assistant Professor, Philosophy. B.A., Loyola College; M.A., Katholieke Universiteit Leuven, Belgium; M.A., Villanova University; Ph.D., Villanova University)</subfield>
    <subfield code="u">https://www.neumann.edu/academics/divisions/arts_sciences/faculty.asp</subfield>
  </datafield>
  <datafield tag="670" ind1=" " ind2=" ">
    <subfield code="a">PhilPeople website, viewed December 18, 2019:</subfield>
    <subfield code="b">Profiles (Geoffrey Karabin; areas of interest: Philosophy of Religion, Meta-Ethics)</subfield>
    <subfield code="u">https://philpeople.org/profiles/geoffrey-karabin</subfield>
  </datafield>
  <datafield tag="670" ind1=" " ind2=" ">
    <subfield code="a">Villanova University Falvey Library website, viewed December 18, 2019:</subfield>
    <subfield code="b">Catalog search for author Karabin (Karabin, Geoffrey George; dissertation 2012: The afterlife and aggression : creating hell to attain heaven?)</subfield>
    <subfield code="u">https://library.villanova.edu/Find/Record/1410926</subfield>
  </datafield>
  <datafield tag="670" ind1=" " ind2=" ">
    <subfield code="a">LinkedIn, viewed December 18, 2019</subfield>
    <subfield code="b">(Geoffrey Karabin; Assistant Professor of Philosophy at Neumann University (September, 2008 to the present); Ph.D., Villanova University (August, 2005 to May, 2012))</subfield>
    <subfield code="u">https://www.linkedin.com/in/geoffrey-karabin-565a5515/</subfield>
  </datafield>
  <datafield tag="670" ind1=" " ind2=" ">
    <subfield code="a">ResearchGate, viewed December 18, 2019:</subfield>
    <subfield code="b">Profile (Geoffrey George Karabin)</subfield>
    <subfield code="u">https://www.researchgate.net/profile/Geoffrey_Karabin</subfield>
  </datafield>
  <datafield tag="670" ind1=" " ind2=" ">
    <subfield code="a">OCLC, viewed December 19, 2019</subfield>
    <subfield code="b">(Karabin, Geoffrey George; Karabin, Geoffrey)</subfield>
  </datafield>
</record>