
<record>
  <leader>00549nz  a2200133n  4500</leader>
  <controlfield tag="001">11258483</controlfield>
  <controlfield tag="003">DLC</controlfield>
  <controlfield tag="005">20200104073103.0</controlfield>
  <controlfield tag="008">200103n| azannaabn          |n aaa     c</controlfield>
  <datafield tag="010" ind1=" " ind2=" ">
    <subfield code="a">no2020000790</subfield>
  </datafield>
  <datafield tag="035" ind1=" " ind2=" ">
    <subfield code="a">(OCoLC)oca12670211</subfield>
  </datafield>
  <datafield tag="040" ind1=" " ind2=" ">
    <subfield code="a">CaBVa</subfield>
    <subfield code="b">eng</subfield>
    <subfield code="e">rda</subfield>
    <subfield code="c">CaBVa</subfield>
  </datafield>
  <datafield tag="100" ind1="1" ind2=" ">
    <subfield code="a">Roberts, Emyr Martyn</subfield>
  </datafield>
  <datafield tag="670" ind1=" " ind2=" ">
    <subfield code="a">Bowers, David George. Tides, 2019:</subfield>
    <subfield code="b">title page (Emyr Martyn Roberts) cover flap (Emyr Martyn Roberts is a physical oceanographer at the Department of Biological Sciences and the K.G. Jebsen Centre for Deep Sea Research at the University of Bergen)</subfield>
  </datafield>
</record>