
<record>
  <leader>00401nz  a2200145n  4500</leader>
  <controlfield tag="001">11258484</controlfield>
  <controlfield tag="003">DLC</controlfield>
  <controlfield tag="005">20200104073104.0</controlfield>
  <controlfield tag="008">200103n| azannaabn          |n ana     c</controlfield>
  <datafield tag="010" ind1=" " ind2=" ">
    <subfield code="a">no2020000791</subfield>
  </datafield>
  <datafield tag="035" ind1=" " ind2=" ">
    <subfield code="a">(OCoLC)oca12670212</subfield>
  </datafield>
  <datafield tag="040" ind1=" " ind2=" ">
    <subfield code="a">CU-A</subfield>
    <subfield code="b">eng</subfield>
    <subfield code="e">rda</subfield>
    <subfield code="c">CU-A</subfield>
  </datafield>
  <datafield tag="110" ind1="2" ind2=" ">
    <subfield code="a">Manzanar Reunion Committee</subfield>
  </datafield>
  <datafield tag="377" ind1=" " ind2=" ">
    <subfield code="a">eng</subfield>
  </datafield>
  <datafield tag="670" ind1=" " ind2=" ">
    <subfield code="a">Manzanar All Camp Reunion, 1987:</subfield>
    <subfield code="b">welcome page (Manzanar Reunion Committee)</subfield>
  </datafield>
</record>