
<record>
  <leader>00812nz  a2200193n  4500</leader>
  <controlfield tag="001">11258485</controlfield>
  <controlfield tag="003">DLC</controlfield>
  <controlfield tag="005">20200104073104.0</controlfield>
  <controlfield tag="008">200103n| azannaabn          |a ana     c</controlfield>
  <datafield tag="010" ind1=" " ind2=" ">
    <subfield code="a">no2020000792</subfield>
  </datafield>
  <datafield tag="035" ind1=" " ind2=" ">
    <subfield code="a">(OCoLC)oca12670213</subfield>
  </datafield>
  <datafield tag="040" ind1=" " ind2=" ">
    <subfield code="a">NcD</subfield>
    <subfield code="b">eng</subfield>
    <subfield code="e">rda</subfield>
    <subfield code="c">NcD</subfield>
  </datafield>
  <datafield tag="110" ind1="2" ind2=" ">
    <subfield code="a">Prefectura Naval Argentina.</subfield>
    <subfield code="b">Grupo Albatros</subfield>
  </datafield>
  <datafield tag="370" ind1=" " ind2=" ">
    <subfield code="c">Argentina</subfield>
    <subfield code="2">naf</subfield>
  </datafield>
  <datafield tag="410" ind1="2" ind2=" ">
    <subfield code="a">Grupo Albatros</subfield>
  </datafield>
  <datafield tag="410" ind1="2" ind2=" ">
    <subfield code="a">Prefectura Naval Argentina.</subfield>
    <subfield code="b">Agrupación Albatros</subfield>
  </datafield>
  <datafield tag="410" ind1="2" ind2=" ">
    <subfield code="a">Agrupación Albatros</subfield>
  </datafield>
  <datafield tag="670" ind1=" " ind2=" ">
    <subfield code="a">Silenciar la muerte, 2018:</subfield>
    <subfield code="b">p. 5 (Grupo Albatros de la Prefectura)</subfield>
  </datafield>
  <datafield tag="670" ind1=" " ind2=" ">
    <subfield code="a">Argentina.gob.ar article dated Oct. 9, 2018, viewed online Jan. 3, 2020</subfield>
    <subfield code="b">(La Agrupación Albatros; special forces unit that is part of Prefectura Naval Argentina; conducts maritime and river special operations, antiterrorism, antidrug, etc)</subfield>
  </datafield>
</record>