
<record>
  <leader>01084nz  a2200205n  4500</leader>
  <controlfield tag="001">11258486</controlfield>
  <controlfield tag="003">DLC</controlfield>
  <controlfield tag="005">20200104073104.0</controlfield>
  <controlfield tag="008">200103n| azannaabn          |n aaa     c</controlfield>
  <datafield tag="010" ind1=" " ind2=" ">
    <subfield code="a">no2020000793</subfield>
  </datafield>
  <datafield tag="035" ind1=" " ind2=" ">
    <subfield code="a">(OCoLC)oca12670214</subfield>
  </datafield>
  <datafield tag="040" ind1=" " ind2=" ">
    <subfield code="a">ICrlF</subfield>
    <subfield code="b">eng</subfield>
    <subfield code="e">rda</subfield>
    <subfield code="c">ICrlF</subfield>
  </datafield>
  <datafield tag="100" ind1="1" ind2=" ">
    <subfield code="a">Nickelson, Jim</subfield>
  </datafield>
  <datafield tag="370" ind1=" " ind2=" ">
    <subfield code="e">Camden (Me.)</subfield>
    <subfield code="2">naf</subfield>
  </datafield>
  <datafield tag="372" ind1=" " ind2=" ">
    <subfield code="a">Digital printing</subfield>
    <subfield code="a">Photography</subfield>
    <subfield code="2">lcsh</subfield>
  </datafield>
  <datafield tag="374" ind1=" " ind2=" ">
    <subfield code="a">Photographers</subfield>
    <subfield code="2">lcsh</subfield>
  </datafield>
  <datafield tag="375" ind1=" " ind2=" ">
    <subfield code="a">Males</subfield>
    <subfield code="2">lcdgt</subfield>
  </datafield>
  <datafield tag="377" ind1=" " ind2=" ">
    <subfield code="a">eng</subfield>
  </datafield>
  <datafield tag="670" ind1=" " ind2=" ">
    <subfield code="a">Nickelson, Jim. Fine art inkjet printing, ©2017:</subfield>
    <subfield code="b">title page (Jim Nickelson)</subfield>
  </datafield>
  <datafield tag="670" ind1=" " ind2=" ">
    <subfield code="a">His website, Jan. 3, 2020</subfield>
    <subfield code="b">(Jim is a fine art photographer, custom digital printer (as Nickelson Editions), and teacher, and is also the author of Fine Art Inkjet Printing published by Rocky Nook in 2017. Before committing himself to the photographic life, he pursued the classic artistic career path of NASA engineer and corporate attorney (with a B.S. in Aerospace Engineering from the Univ. of Texas at Austin and a J.D. from Harvard Law School). Jim makes his home in Camden, Maine, with his amazing wife and daughter.)</subfield>
  </datafield>
</record>