
<record>
  <leader>00876nz  a2200181n  4500</leader>
  <controlfield tag="001">11258491</controlfield>
  <controlfield tag="003">DLC</controlfield>
  <controlfield tag="005">20200104073105.0</controlfield>
  <controlfield tag="008">200103n| azannaabn          |n aaa     c</controlfield>
  <datafield tag="010" ind1=" " ind2=" ">
    <subfield code="a">no2020000805</subfield>
  </datafield>
  <datafield tag="035" ind1=" " ind2=" ">
    <subfield code="a">(OCoLC)oca12670226</subfield>
  </datafield>
  <datafield tag="040" ind1=" " ind2=" ">
    <subfield code="a">IEN</subfield>
    <subfield code="b">eng</subfield>
    <subfield code="e">rda</subfield>
    <subfield code="c">IEN</subfield>
  </datafield>
  <datafield tag="100" ind1="1" ind2=" ">
    <subfield code="a">Ismail, Shameelah</subfield>
  </datafield>
  <datafield tag="370" ind1=" " ind2=" ">
    <subfield code="c">South Africa</subfield>
    <subfield code="f">Bellville (South Africa)</subfield>
    <subfield code="2">naf</subfield>
  </datafield>
  <datafield tag="373" ind1=" " ind2=" ">
    <subfield code="a">Cape Peninsula University of Technology</subfield>
    <subfield code="2">naf</subfield>
  </datafield>
  <datafield tag="373" ind1=" " ind2=" ">
    <subfield code="a">Human Sciences Research Council</subfield>
    <subfield code="2">naf</subfield>
  </datafield>
  <datafield tag="670" ind1=" " ind2=" ">
    <subfield code="a">Public perceptions of biotechnology in South Africa, 2016:</subfield>
    <subfield code="b">title page (Shameelah Ismail, Education and Skills Development Research Programme, Human Sciences Research Council)</subfield>
  </datafield>
  <datafield tag="670" ind1=" " ind2=" ">
    <subfield code="a">Stakeholders&apos; perceptions of the impacts of an outdoor and wine festival in the Breede Valley of the Western Cape Province, 2015:</subfield>
    <subfield code="b">title page (Shameelah Ismail, MTech thesis, Cape Peninsula University of Technology)</subfield>
  </datafield>
</record>