
<record>
  <leader>01224nz  a2200217n  4500</leader>
  <controlfield tag="001">11258495</controlfield>
  <controlfield tag="003">DLC</controlfield>
  <controlfield tag="005">20200104073105.0</controlfield>
  <controlfield tag="008">200103n| azannaabn          |n aaa     c</controlfield>
  <datafield tag="010" ind1=" " ind2=" ">
    <subfield code="a">no2020000809</subfield>
  </datafield>
  <datafield tag="035" ind1=" " ind2=" ">
    <subfield code="a">(OCoLC)oca12670230</subfield>
  </datafield>
  <datafield tag="040" ind1=" " ind2=" ">
    <subfield code="a">PPi-MA</subfield>
    <subfield code="b">eng</subfield>
    <subfield code="e">rda</subfield>
    <subfield code="c">PPi-MA</subfield>
  </datafield>
  <datafield tag="100" ind1="1" ind2=" ">
    <subfield code="a">Miller, Curt Dallace</subfield>
  </datafield>
  <datafield tag="370" ind1=" " ind2=" ">
    <subfield code="e">Taunton (Mass.)</subfield>
    <subfield code="f">Boston (Mass.)</subfield>
    <subfield code="2">naf</subfield>
  </datafield>
  <datafield tag="374" ind1=" " ind2=" ">
    <subfield code="a">Clarinetists</subfield>
    <subfield code="a">Music teachers</subfield>
    <subfield code="2">lcsh</subfield>
  </datafield>
  <datafield tag="375" ind1=" " ind2=" ">
    <subfield code="a">Males</subfield>
    <subfield code="2">lcdgt</subfield>
  </datafield>
  <datafield tag="670" ind1=" " ind2=" ">
    <subfield code="a">Chamber music, 2019:</subfield>
    <subfield code="b">container (Curt Miller, clarinet)</subfield>
  </datafield>
  <datafield tag="670" ind1=" " ind2=" ">
    <subfield code="a">OCLC #757861523</subfield>
    <subfield code="b">(access point: Miller, Curt Dallace; M.A., University of California, San Diego, 2011)</subfield>
  </datafield>
  <datafield tag="670" ind1=" " ind2=" ">
    <subfield code="a">OCLC #910904156</subfield>
    <subfield code="b">(access point: Miller, Curt Dallace; Ph.D., University of California, San Diego, 2015)</subfield>
  </datafield>
  <datafield tag="670" ind1=" " ind2=" ">
    <subfield code="a">Curt Dallace Miller WWW site, January 3, 2020</subfield>
    <subfield code="b">(Curt Dallace Miller; Boston-based clarinetist and sound artist; B.M., clarinet performance, June 2009, Oberlin Conservatory of Music; M.A., music performance, University of California, San Diego, June 2011; D.M.A., contemporary music performance, University of California, San Diego, June 2015; gives address in Taunton, Massachusetts)</subfield>
  </datafield>
  <datafield tag="670" ind1=" " ind2=" ">
    <subfield code="a">Yelp, January 3, 2020</subfield>
    <subfield code="b">(Curt Miller Clarinet Studio, Taunton, Massachusetts)</subfield>
  </datafield>
</record>