
<record>
  <leader>00901nz  a2200217n  4500</leader>
  <controlfield tag="001">11258496</controlfield>
  <controlfield tag="003">DLC</controlfield>
  <controlfield tag="005">20200104073106.0</controlfield>
  <controlfield tag="008">200103n| azannaabn          |b aaa     c</controlfield>
  <datafield tag="010" ind1=" " ind2=" ">
    <subfield code="a">no2020000810</subfield>
  </datafield>
  <datafield tag="035" ind1=" " ind2=" ">
    <subfield code="a">(OCoLC)oca12670231</subfield>
  </datafield>
  <datafield tag="040" ind1=" " ind2=" ">
    <subfield code="a">PPi-MA</subfield>
    <subfield code="b">eng</subfield>
    <subfield code="e">rda</subfield>
    <subfield code="c">PPi-MA</subfield>
  </datafield>
  <datafield tag="100" ind1="1" ind2=" ">
    <subfield code="a">Ogawa, Michiko</subfield>
    <subfield code="c">(Clarinetist)</subfield>
  </datafield>
  <datafield tag="370" ind1=" " ind2=" ">
    <subfield code="a">Tokyo (Japan)</subfield>
    <subfield code="e">Tokyo (Japan)</subfield>
    <subfield code="2">naf</subfield>
  </datafield>
  <datafield tag="374" ind1=" " ind2=" ">
    <subfield code="a">Clarinetists</subfield>
    <subfield code="2">lcsh</subfield>
  </datafield>
  <datafield tag="375" ind1=" " ind2=" ">
    <subfield code="a">Females</subfield>
    <subfield code="2">lcdgt</subfield>
  </datafield>
  <datafield tag="400" ind1="1" ind2=" ">
    <subfield code="a">小川 道子</subfield>
    <subfield code="c">(Clarinetist)</subfield>
  </datafield>
  <datafield tag="667" ind1=" " ind2=" ">
    <subfield code="a">Non-Latin script reference not evaluated.</subfield>
  </datafield>
  <datafield tag="670" ind1=" " ind2=" ">
    <subfield code="a">Chamber music, 2019:</subfield>
    <subfield code="b">container (Michiko Ogawa, clarinet)</subfield>
  </datafield>
  <datafield tag="670" ind1=" " ind2=" ">
    <subfield code="a">Michiko Ogawa WWW site, January 3, 2020</subfield>
    <subfield code="b">(Michiko Ogawa; clarinetist; born and raised in Tokyo, Japan; DMA, University of California, San Diego, 2019)</subfield>
  </datafield>
  <datafield tag="670" ind1=" " ind2=" ">
    <subfield code="a">Michiko Ogawa WWW site (Japanese), January 3, 2020</subfield>
    <subfield code="b">(小川 道子; Michiko Ogawa [in rom.])</subfield>
    <subfield code="u">http://www.otooto.jp/michiko-ogawa</subfield>
  </datafield>
</record>