
<record>
  <leader>01119nz  a2200193n  4500</leader>
  <controlfield tag="001">11258500</controlfield>
  <controlfield tag="003">DLC</controlfield>
  <controlfield tag="005">20200104073106.0</controlfield>
  <controlfield tag="008">200103n| azannaabn          |n aaa     c</controlfield>
  <datafield tag="010" ind1=" " ind2=" ">
    <subfield code="a">no2020000814</subfield>
  </datafield>
  <datafield tag="035" ind1=" " ind2=" ">
    <subfield code="a">(OCoLC)oca12670235</subfield>
  </datafield>
  <datafield tag="040" ind1=" " ind2=" ">
    <subfield code="a">WMM</subfield>
    <subfield code="b">eng</subfield>
    <subfield code="e">rda</subfield>
    <subfield code="c">WMM</subfield>
  </datafield>
  <datafield tag="100" ind1="1" ind2=" ">
    <subfield code="a">Sinha, Arnab Kumar</subfield>
  </datafield>
  <datafield tag="370" ind1=" " ind2=" ">
    <subfield code="f">West Bengal (India)</subfield>
    <subfield code="2">naf</subfield>
  </datafield>
  <datafield tag="373" ind1=" " ind2=" ">
    <subfield code="a">University of Burdwan</subfield>
    <subfield code="2">naf</subfield>
  </datafield>
  <datafield tag="375" ind1=" " ind2=" ">
    <subfield code="a">Males</subfield>
    <subfield code="2">lcdgt</subfield>
  </datafield>
  <datafield tag="377" ind1=" " ind2=" ">
    <subfield code="a">eng</subfield>
  </datafield>
  <datafield tag="670" ind1=" " ind2=" ">
    <subfield code="a">Contemporary Indian English poetry and drama, 2019:</subfield>
    <subfield code="b">title page (edited by Arnab Kumar Sinha, Sajalkumar Bhattacharya and Himadri Lahiri) cover page 4 (Assistant Professor in the Department of English and Culture Studies at the University of Burdwan, India. He is the co-editor of the book Indian Fiction in English: Mapping the Contemporary Literary Landscape (2014), has published articles in several journals and books, and has also presented papers at many national and international conferences and seminars. His areas of interest include African literature, South Asian literature and postcolonial criticism)</subfield>
  </datafield>
  <datafield tag="670" ind1=" " ind2=" ">
    <subfield code="a">DNB in VIAF, viewed November 20, 2019</subfield>
    <subfield code="b">(Sinha, Arnab Kumar)</subfield>
  </datafield>
</record>