
<record>
  <leader>01215nz  a2200217n  4500</leader>
  <controlfield tag="001">11258501</controlfield>
  <controlfield tag="003">DLC</controlfield>
  <controlfield tag="005">20200104073106.0</controlfield>
  <controlfield tag="008">200103n| azannaabn          |a ana     c</controlfield>
  <datafield tag="010" ind1=" " ind2=" ">
    <subfield code="a">no2020000815</subfield>
  </datafield>
  <datafield tag="035" ind1=" " ind2=" ">
    <subfield code="a">(OCoLC)oca12670236</subfield>
  </datafield>
  <datafield tag="040" ind1=" " ind2=" ">
    <subfield code="a">N</subfield>
    <subfield code="b">eng</subfield>
    <subfield code="e">rda</subfield>
    <subfield code="c">N</subfield>
  </datafield>
  <datafield tag="046" ind1=" " ind2=" ">
    <subfield code="s">2012-12-28</subfield>
    <subfield code="2">edtf</subfield>
  </datafield>
  <datafield tag="110" ind1="2" ind2=" ">
    <subfield code="a">BuildSmart NY (Program)</subfield>
  </datafield>
  <datafield tag="368" ind1=" " ind2=" ">
    <subfield code="a">Program</subfield>
  </datafield>
  <datafield tag="410" ind1="2" ind2=" ">
    <subfield code="a">Build Smart NY (Program)</subfield>
  </datafield>
  <datafield tag="410" ind1="1" ind2=" ">
    <subfield code="a">New York (State).</subfield>
    <subfield code="b">BuildSmart NY (Program)</subfield>
  </datafield>
  <datafield tag="410" ind1="2" ind2=" ">
    <subfield code="a">Power Authority of the State of New York.</subfield>
    <subfield code="b">BuildSmart NY (Program)</subfield>
  </datafield>
  <datafield tag="510" ind1="2" ind2=" ">
    <subfield code="w">r</subfield>
    <subfield code="i">Hierarchical superior:</subfield>
    <subfield code="a">Power Authority of the State of New York</subfield>
  </datafield>
  <datafield tag="670" ind1=" " ind2=" ">
    <subfield code="a">EO88 ... annual report, 2016:</subfield>
    <subfield code="b">title page (BuildSmart NY) page 2 (BuildSmart NY, your strategic initiative ... energy efficiency in state facilities)</subfield>
  </datafield>
  <datafield tag="670" ind1=" " ind2=" ">
    <subfield code="a">Executive Order 88 guidelines, New York State government buildings, 2013:</subfield>
    <subfield code="b">page 3 (Build Smart NY is ... program for ... pursuing energy efficiency in New York State government  buildings while advancing economic growth, environmental protection, and energy security in New York State... issued on December 28, 2012 ... designates the New York Power Authority ... to coordinate compliance ... to administer the Executive Order.)</subfield>
  </datafield>
</record>