
<record>
  <leader>00594nz  a2200205n  4500</leader>
  <controlfield tag="001">11258502</controlfield>
  <controlfield tag="003">DLC</controlfield>
  <controlfield tag="005">20200104073107.0</controlfield>
  <controlfield tag="008">200103n| azaaaaaan          |n ana     c</controlfield>
  <datafield tag="010" ind1=" " ind2=" ">
    <subfield code="a">no2020000821</subfield>
  </datafield>
  <datafield tag="035" ind1=" " ind2=" ">
    <subfield code="a">(OCoLC)oca12670242</subfield>
  </datafield>
  <datafield tag="040" ind1=" " ind2=" ">
    <subfield code="a">UkCU</subfield>
    <subfield code="b">eng</subfield>
    <subfield code="e">rda</subfield>
    <subfield code="c">UkCU</subfield>
  </datafield>
  <datafield tag="130" ind1=" " ind2="0">
    <subfield code="a">Témoignages du siècle</subfield>
  </datafield>
  <datafield tag="380" ind1=" " ind2=" ">
    <subfield code="a">Series (Publications)</subfield>
    <subfield code="2">lcsh</subfield>
  </datafield>
  <datafield tag="642" ind1=" " ind2=" ">
    <subfield code="a">2</subfield>
    <subfield code="5">DPCC</subfield>
    <subfield code="5">UkCU</subfield>
  </datafield>
  <datafield tag="643" ind1=" " ind2=" ">
    <subfield code="a">Bruxelles</subfield>
    <subfield code="b">Éditions ASA</subfield>
  </datafield>
  <datafield tag="644" ind1=" " ind2=" ">
    <subfield code="a">f</subfield>
    <subfield code="5">UkCU</subfield>
  </datafield>
  <datafield tag="645" ind1=" " ind2=" ">
    <subfield code="a">t</subfield>
    <subfield code="5">DPCC</subfield>
    <subfield code="5">UkCU</subfield>
  </datafield>
  <datafield tag="646" ind1=" " ind2=" ">
    <subfield code="a">s</subfield>
    <subfield code="5">UkCU</subfield>
  </datafield>
  <datafield tag="670" ind1=" " ind2=" ">
    <subfield code="a">Black, Rowland W. Le procès Pétain, 1945:</subfield>
    <subfield code="b">title page (Témoignages du siècle) spine (2)</subfield>
  </datafield>
</record>