
<record>
  <leader>00843nz  a2200181n  4500</leader>
  <controlfield tag="001">11258503</controlfield>
  <controlfield tag="003">DLC</controlfield>
  <controlfield tag="005">20200104073107.0</controlfield>
  <controlfield tag="008">200103n| azannaabn          |b ana     c</controlfield>
  <datafield tag="010" ind1=" " ind2=" ">
    <subfield code="a">no2020000822</subfield>
  </datafield>
  <datafield tag="035" ind1=" " ind2=" ">
    <subfield code="a">(OCoLC)oca12670243</subfield>
  </datafield>
  <datafield tag="040" ind1=" " ind2=" ">
    <subfield code="a">MoWgW</subfield>
    <subfield code="b">eng</subfield>
    <subfield code="e">rda</subfield>
    <subfield code="c">MoWgW</subfield>
  </datafield>
  <datafield tag="110" ind1="2" ind2=" ">
    <subfield code="a">Loretto-Hilton Center for the Performing Arts (Webster Groves, Mo.)</subfield>
  </datafield>
  <datafield tag="368" ind1=" " ind2=" ">
    <subfield code="a">Theaters</subfield>
    <subfield code="2">lcsh</subfield>
  </datafield>
  <datafield tag="370" ind1=" " ind2=" ">
    <subfield code="e">Saint Louis, (Mo.)</subfield>
    <subfield code="e">Webster Groves (Mo.)</subfield>
    <subfield code="2">naf</subfield>
  </datafield>
  <datafield tag="410" ind1="2" ind2=" ">
    <subfield code="a">Loretto-Hilton Theatre</subfield>
  </datafield>
  <datafield tag="670" ind1=" " ind2=" ">
    <subfield code="a">The Sisters backstage:</subfield>
    <subfield code="b">title page (A story of faith, perseverance &amp; the Loretto-Hilton Theatre) page 4 of cover (one of Saint Louis&apos; most important cultural venues, the Loretto-Hilton Center for the Performing Arts)</subfield>
  </datafield>
  <datafield tag="670" ind1=" " ind2=" ">
    <subfield code="a">Web site accessed January 3, 2020</subfield>
    <subfield code="b">hdg.: Loretto-Hilton Center for the Performing Arts (130 Edgar Road, Webster Groves, MO 63119)</subfield>
  </datafield>
</record>