
<record>
  <leader>01318nz  a2200193n  4500</leader>
  <controlfield tag="001">11258504</controlfield>
  <controlfield tag="003">DLC</controlfield>
  <controlfield tag="005">20200104073107.0</controlfield>
  <controlfield tag="008">200103n| azannaabn          |n aaa     c</controlfield>
  <datafield tag="010" ind1=" " ind2=" ">
    <subfield code="a">no2020000823</subfield>
  </datafield>
  <datafield tag="035" ind1=" " ind2=" ">
    <subfield code="a">(OCoLC)oca12670244</subfield>
  </datafield>
  <datafield tag="040" ind1=" " ind2=" ">
    <subfield code="a">TU</subfield>
    <subfield code="b">eng</subfield>
    <subfield code="e">rda</subfield>
    <subfield code="c">TU</subfield>
  </datafield>
  <datafield tag="100" ind1="1" ind2=" ">
    <subfield code="a">Qu, Ying</subfield>
    <subfield code="c">(Writer on Computer vision)</subfield>
  </datafield>
  <datafield tag="370" ind1=" " ind2=" ">
    <subfield code="a">Datong Shi (China)</subfield>
    <subfield code="c">China</subfield>
    <subfield code="f">Knoxville (Tenn.)</subfield>
    <subfield code="2">naf</subfield>
  </datafield>
  <datafield tag="372" ind1=" " ind2=" ">
    <subfield code="a">Computer vision</subfield>
    <subfield code="a">Image processing</subfield>
    <subfield code="a">Pattern recognition systems</subfield>
    <subfield code="a">Remote sensing</subfield>
    <subfield code="2">lcsh</subfield>
  </datafield>
  <datafield tag="373" ind1=" " ind2=" ">
    <subfield code="a">Dongbei da xue</subfield>
    <subfield code="2">naf</subfield>
  </datafield>
  <datafield tag="373" ind1=" " ind2=" ">
    <subfield code="a">University of Tennessee, Knoxville</subfield>
    <subfield code="2">naf</subfield>
  </datafield>
  <datafield tag="377" ind1=" " ind2=" ">
    <subfield code="a">chi</subfield>
    <subfield code="a">eng</subfield>
  </datafield>
  <datafield tag="670" ind1=" " ind2=" ">
    <subfield code="a">Qu, Ying (Writer on Computer vision). Hyperspectral image analysis through unsupervised deep learning, 2018, viewed on January 3, 2020:</subfield>
    <subfield code="b">title page (Ying Qu) Vita page (Ying Qu was born in Datong, Shanxi province, P.R. China. She received her Bachelor and Master degrees in &apos;Automation&apos; and &apos;Pattern Recognition and Intelligent Systems&apos; from Northeastern University (China) in 2008 and 2010, respectively. From fall 2012, she enrolled into the doctoral program at the University of Tennessee at Knoxville in the department of Electrical Engineering and Computer Science; Her major research areas are image processing, remote sensing, computer vision and pattern recognition)</subfield>
    <subfield code="u">https://trace.tennessee.edu/utk_graddiss/4870</subfield>
  </datafield>
</record>