
<record>
  <leader>00527nz  a2200169n  4500</leader>
  <controlfield tag="001">11258505</controlfield>
  <controlfield tag="003">DLC</controlfield>
  <controlfield tag="005">20200104073107.0</controlfield>
  <controlfield tag="008">200103n| azannaabn          |n aaa     c</controlfield>
  <datafield tag="010" ind1=" " ind2=" ">
    <subfield code="a">no2020000824</subfield>
  </datafield>
  <datafield tag="035" ind1=" " ind2=" ">
    <subfield code="a">(OCoLC)oca12670245</subfield>
  </datafield>
  <datafield tag="040" ind1=" " ind2=" ">
    <subfield code="a">ICrlF</subfield>
    <subfield code="b">eng</subfield>
    <subfield code="e">rda</subfield>
    <subfield code="c">ICrlF</subfield>
  </datafield>
  <datafield tag="046" ind1=" " ind2=" ">
    <subfield code="k">2019</subfield>
    <subfield code="2">edtf</subfield>
  </datafield>
  <datafield tag="100" ind1="1" ind2=" ">
    <subfield code="a">Tripp, Valerie,</subfield>
    <subfield code="b">1951-</subfield>
    <subfield code="t">One and only (2019)</subfield>
  </datafield>
  <datafield tag="377" ind1=" " ind2=" ">
    <subfield code="a">eng</subfield>
  </datafield>
  <datafield tag="667" ind1=" " ind2=" ">
    <subfield code="a">111 page adaptaion of the 217 page novel.</subfield>
  </datafield>
  <datafield tag="670" ind1=" " ind2=" ">
    <subfield code="a">Tripp, Valerie. One and only, 2019:</subfield>
    <subfield code="b">back cover (Abridged edition)  front cover (Maryellen, 1954)</subfield>
  </datafield>
</record>