
<record>
  <leader>02857nz  a2200253n  4500</leader>
  <controlfield tag="001">11258506</controlfield>
  <controlfield tag="003">DLC</controlfield>
  <controlfield tag="005">20200104073107.0</controlfield>
  <controlfield tag="008">200103n| azannaabn          |b ana     c</controlfield>
  <datafield tag="010" ind1=" " ind2=" ">
    <subfield code="a">no2020000825</subfield>
  </datafield>
  <datafield tag="035" ind1=" " ind2=" ">
    <subfield code="a">(OCoLC)oca12670246</subfield>
  </datafield>
  <datafield tag="040" ind1=" " ind2=" ">
    <subfield code="a">WaBeW</subfield>
    <subfield code="b">eng</subfield>
    <subfield code="e">rda</subfield>
    <subfield code="c">WaBeW</subfield>
  </datafield>
  <datafield tag="046" ind1=" " ind2=" ">
    <subfield code="s">2019</subfield>
    <subfield code="t">2019</subfield>
    <subfield code="2">edtf</subfield>
  </datafield>
  <datafield tag="111" ind1="2" ind2=" ">
    <subfield code="a">&quot;Ti︠u︡rko-mongolʹskiĭ mir: istorii︠a︡ i kulʹtura&quot;, Mezhdunarodnai︠a︡ nauchnai︠a︡ konferent︠s︡ii︠a︡, posvi︠a︡shchennai︠a︡ 90-letii︠u︡ so dni︠a︡ rozhdenii︠a︡ S.G. Kli︠a︡shtornogo</subfield>
    <subfield code="d">(2019)</subfield>
  </datafield>
  <datafield tag="368" ind1=" " ind2=" ">
    <subfield code="a">Congresses and conventions</subfield>
    <subfield code="2">lcsh</subfield>
  </datafield>
  <datafield tag="372" ind1=" " ind2=" ">
    <subfield code="a">Kli︠a︡shtornyĭ, S. G</subfield>
    <subfield code="a">Turkic peoples--Asia, Central--History--To 1500</subfield>
    <subfield code="a">Mongolia--Antiquities</subfield>
    <subfield code="a">Asia, Central--Antiquities</subfield>
    <subfield code="a">Old Turkic language</subfield>
    <subfield code="a">Mongols--History--To 1500</subfield>
    <subfield code="a">Mongols--History</subfield>
    <subfield code="a">Nomads--Asia, Central--History</subfield>
    <subfield code="a">Altaic languages</subfield>
    <subfield code="a">Turkic peoples--Asia, Central--History</subfield>
    <subfield code="a">Asia, Central--History</subfield>
    <subfield code="2">lcsh</subfield>
  </datafield>
  <datafield tag="377" ind1=" " ind2=" ">
    <subfield code="a">rus</subfield>
  </datafield>
  <datafield tag="411" ind1="2" ind2=" ">
    <subfield code="a">Конференция, посвященная 90-летию со дня рождения С.Г. Кляшторного, &quot;Тюрко-монгольский мир: история и культура&quot;, Международная научная</subfield>
    <subfield code="d">(2019)</subfield>
  </datafield>
  <datafield tag="411" ind1="2" ind2=" ">
    <subfield code="a">Konferent︠s︡ii︠a︡, posvi︠a︡shchennai︠a︡ 90-letii︠u︡ so dni︠a︡ rozhdenii︠a︡ S.G. Kli︠a︡shtornogo, &quot;Ti︠u︡rko-mongolʹskiĭ mir: istorii︠a︡ i kulʹtura&quot;, Mezhdunarodnai︠a︡ nauchnai︠a︡</subfield>
    <subfield code="d">(2019)</subfield>
  </datafield>
  <datafield tag="411" ind1="2" ind2=" ">
    <subfield code="a">&quot;Тюрко-монгольский мир: история и культура&quot;, Международная научная конференция, посвященная 90-летию со дня рождения С.Г. Кляшторного</subfield>
    <subfield code="d">(2019)</subfield>
  </datafield>
  <datafield tag="411" ind1="2" ind2=" ">
    <subfield code="a">Международная научная конференция, посвященная 90-летию со дня рождения С.Г. Кляшторного &quot;Тюрко-монгольский мир: история и культура&quot;</subfield>
    <subfield code="d">(2019)</subfield>
  </datafield>
  <datafield tag="411" ind1="2" ind2=" ">
    <subfield code="a">Mezhdunarodnai︠a︡ nauchnai︠a︡ konferent︠s︡ii︠a︡, posvi︠a︡shchennai︠a︡ 90-letii︠u︡ so dni︠a︡ rozhdenii︠a︡ S.G. Kli︠a︡shtornogo &quot;Ti︠u︡rko-mongolʹskiĭ mir: istorii︠a︡ i kulʹtura&quot;</subfield>
    <subfield code="d">(2019)</subfield>
  </datafield>
  <datafield tag="667" ind1=" " ind2=" ">
    <subfield code="a">Non-Latin script reference not evaluated.</subfield>
  </datafield>
  <datafield tag="670" ind1=" " ind2=" ">
    <subfield code="a">Ti︠u︡rko-mongolʹskiĭ mir, 2019:</subfield>
    <subfield code="b">title page ((&quot;Тюрко-монгольский мир: история и культура&quot;, Материалы международной научной конференции, посвященной 90-летию со дня рождения С.Г. Кляшторного = &quot;Ti︠u︡rko-mongolʹskiĭ mir: istorii︠a︡ i kulʹtura&quot;, Materialy mezhdunarodnoĭ nauchnoĭ konferent︠s︡ii, posvi︠a︡shchennoĭ 90-letii︠u︡ so dni︠a︡ rozhdenii︠a︡ S.G. Kli︠a︡shtornogo; Held 2019)</subfield>
  </datafield>
</record>