
<record>
  <leader>00768nz  a2200217n  4500</leader>
  <controlfield tag="001">11258507</controlfield>
  <controlfield tag="003">DLC</controlfield>
  <controlfield tag="005">20200104073107.0</controlfield>
  <controlfield tag="008">200103n| azannaabn          |b aaa     c</controlfield>
  <datafield tag="010" ind1=" " ind2=" ">
    <subfield code="a">no2020000826</subfield>
  </datafield>
  <datafield tag="035" ind1=" " ind2=" ">
    <subfield code="a">(OCoLC)oca12670247</subfield>
  </datafield>
  <datafield tag="040" ind1=" " ind2=" ">
    <subfield code="a">InU</subfield>
    <subfield code="b">eng</subfield>
    <subfield code="e">rda</subfield>
    <subfield code="c">InU</subfield>
  </datafield>
  <datafield tag="100" ind1="1" ind2=" ">
    <subfield code="a">Shelley, Percy Bysshe,</subfield>
    <subfield code="d">1792-1822.</subfield>
    <subfield code="t">Cenci.</subfield>
    <subfield code="l">Russian</subfield>
  </datafield>
  <datafield tag="377" ind1=" " ind2=" ">
    <subfield code="a">rus</subfield>
  </datafield>
  <datafield tag="380" ind1=" " ind2=" ">
    <subfield code="a">Drama</subfield>
    <subfield code="2">lcgft</subfield>
  </datafield>
  <datafield tag="381" ind1=" " ind2=" ">
    <subfield code="a">Translations</subfield>
    <subfield code="2">lcsh</subfield>
  </datafield>
  <datafield tag="400" ind1="1" ind2=" ">
    <subfield code="a">Shelley, Percy Bysshe,</subfield>
    <subfield code="d">1792-1822.</subfield>
    <subfield code="t">Chenchi</subfield>
  </datafield>
  <datafield tag="400" ind1="1" ind2=" ">
    <subfield code="a">Shelley, Percy Bysshe,</subfield>
    <subfield code="d">1792-1822.</subfield>
    <subfield code="t">Ченчи</subfield>
  </datafield>
  <datafield tag="500" ind1="1" ind2=" ">
    <subfield code="w">r</subfield>
    <subfield code="i">Translator:</subfield>
    <subfield code="a">Balʹmont, Konstantin Dmitrievich,</subfield>
    <subfield code="d">1867-1942</subfield>
  </datafield>
  <datafield tag="667" ind1=" " ind2=" ">
    <subfield code="a">Non-Latin script reference not evaluated.</subfield>
  </datafield>
  <datafield tag="670" ind1=" " ind2=" ">
    <subfield code="a">Angliĭskiĭ triptikh Konstantina Balʹmonta, 2017:</subfield>
    <subfield code="b">title page (Persi Bishi Shelli. Chenchi).</subfield>
  </datafield>
</record>