
<record>
  <leader>00647nz  a2200205n  4500</leader>
  <controlfield tag="001">11258508</controlfield>
  <controlfield tag="003">DLC</controlfield>
  <controlfield tag="005">20200104073107.0</controlfield>
  <controlfield tag="008">200103n| azannaabn          |b aaa     c</controlfield>
  <datafield tag="010" ind1=" " ind2=" ">
    <subfield code="a">no2020000827</subfield>
  </datafield>
  <datafield tag="035" ind1=" " ind2=" ">
    <subfield code="a">(OCoLC)oca12670248</subfield>
  </datafield>
  <datafield tag="040" ind1=" " ind2=" ">
    <subfield code="a">InU</subfield>
    <subfield code="b">eng</subfield>
    <subfield code="e">rda</subfield>
    <subfield code="c">InU</subfield>
  </datafield>
  <datafield tag="100" ind1="0" ind2=" ">
    <subfield code="a">Kuorsunnaakh.</subfield>
    <subfield code="t">Aan talgha.</subfield>
    <subfield code="k">Selections.</subfield>
    <subfield code="l">Russian</subfield>
  </datafield>
  <datafield tag="377" ind1=" " ind2=" ">
    <subfield code="a">rus</subfield>
  </datafield>
  <datafield tag="380" ind1=" " ind2=" ">
    <subfield code="a">Novels</subfield>
    <subfield code="2">lcgft</subfield>
  </datafield>
  <datafield tag="381" ind1=" " ind2=" ">
    <subfield code="a">Translations</subfield>
    <subfield code="2">lcsh</subfield>
  </datafield>
  <datafield tag="400" ind1="0" ind2=" ">
    <subfield code="a">Куорсуннаах.</subfield>
    <subfield code="t">На дне пропасти</subfield>
  </datafield>
  <datafield tag="400" ind1="0" ind2=" ">
    <subfield code="a">Kuorsunnaakh.</subfield>
    <subfield code="t">Na dne propasti</subfield>
  </datafield>
  <datafield tag="667" ind1=" " ind2=" ">
    <subfield code="a">Non-Latin script reference not evaluated.</subfield>
  </datafield>
  <datafield tag="670" ind1=" " ind2=" ">
    <subfield code="a">Slept︠s︡ova, Elena (Kuorsunnaakh). Na dne propasti, 2018.</subfield>
  </datafield>
</record>