
<record>
  <leader>00588nz  a2200169n  4500</leader>
  <controlfield tag="001">11258510</controlfield>
  <controlfield tag="003">DLC</controlfield>
  <controlfield tag="005">20200104073108.0</controlfield>
  <controlfield tag="008">200103n| acannaabn          |a aaa     c</controlfield>
  <datafield tag="010" ind1=" " ind2=" ">
    <subfield code="a">no2020000832</subfield>
  </datafield>
  <datafield tag="035" ind1=" " ind2=" ">
    <subfield code="a">(OCoLC)oca12670253</subfield>
  </datafield>
  <datafield tag="040" ind1=" " ind2=" ">
    <subfield code="a">ICrlF</subfield>
    <subfield code="b">eng</subfield>
    <subfield code="c">ICrlF</subfield>
  </datafield>
  <datafield tag="100" ind1="1" ind2=" ">
    <subfield code="a">Lark, Sarah,</subfield>
    <subfield code="d">1958-</subfield>
    <subfield code="t">Ziet der Feuerblüten.</subfield>
    <subfield code="l">Spanish</subfield>
  </datafield>
  <datafield tag="377" ind1=" " ind2=" ">
    <subfield code="a">spa</subfield>
  </datafield>
  <datafield tag="381" ind1=" " ind2=" ">
    <subfield code="a">Andrés</subfield>
  </datafield>
  <datafield tag="400" ind1="1" ind2=" ">
    <subfield code="a">Lark, Sarah,</subfield>
    <subfield code="d">1958-</subfield>
    <subfield code="t">Estación de las flores en llamas</subfield>
  </datafield>
  <datafield tag="670" ind1=" " ind2=" ">
    <subfield code="a">Lark, Sarah. El estación de las flores en llamas, 2018:</subfield>
    <subfield code="b">page facing title page (Der Ziet der Feuerblüten; translated by Susana Andrés)</subfield>
  </datafield>
</record>