
<record>
  <leader>00535nz  a2200169n  4500</leader>
  <controlfield tag="001">11258511</controlfield>
  <controlfield tag="003">DLC</controlfield>
  <controlfield tag="005">20200104073108.0</controlfield>
  <controlfield tag="008">200103n| azannaabn          |n aaa     c</controlfield>
  <datafield tag="010" ind1=" " ind2=" ">
    <subfield code="a">no2020000833</subfield>
  </datafield>
  <datafield tag="035" ind1=" " ind2=" ">
    <subfield code="a">(OCoLC)oca12670254</subfield>
  </datafield>
  <datafield tag="040" ind1=" " ind2=" ">
    <subfield code="a">PPi-MA</subfield>
    <subfield code="b">eng</subfield>
    <subfield code="e">rda</subfield>
    <subfield code="c">PPi-MA</subfield>
  </datafield>
  <datafield tag="046" ind1=" " ind2=" ">
    <subfield code="k">2014</subfield>
    <subfield code="2">edtf</subfield>
  </datafield>
  <datafield tag="100" ind1="1" ind2=" ">
    <subfield code="a">Lucier, Alvin.</subfield>
    <subfield code="t">Step, slide, and sustain</subfield>
  </datafield>
  <datafield tag="380" ind1=" " ind2=" ">
    <subfield code="a">Chamber music</subfield>
    <subfield code="2">lcgft</subfield>
  </datafield>
  <datafield tag="382" ind1="0" ind2=" ">
    <subfield code="a">horn</subfield>
    <subfield code="n">1</subfield>
    <subfield code="a">cello</subfield>
    <subfield code="n">1</subfield>
    <subfield code="a">piano</subfield>
    <subfield code="n">1</subfield>
    <subfield code="s">3</subfield>
    <subfield code="2">lcmpt</subfield>
  </datafield>
  <datafield tag="670" ind1=" " ind2=" ">
    <subfield code="a">Chamber music, 2019:</subfield>
    <subfield code="b">container (Step, slide, and sustain : 2014; for horn, cello, and piano)</subfield>
  </datafield>
</record>