
<record>
  <leader>01613nz  a2200205n  4500</leader>
  <controlfield tag="001">11258515</controlfield>
  <controlfield tag="003">DLC</controlfield>
  <controlfield tag="005">20200104073108.0</controlfield>
  <controlfield tag="008">200103n| azannaabn          |n aaa     c</controlfield>
  <datafield tag="010" ind1=" " ind2=" ">
    <subfield code="a">no2020000843</subfield>
  </datafield>
  <datafield tag="035" ind1=" " ind2=" ">
    <subfield code="a">(OCoLC)oca12670264</subfield>
  </datafield>
  <datafield tag="040" ind1=" " ind2=" ">
    <subfield code="a">WMM</subfield>
    <subfield code="b">eng</subfield>
    <subfield code="e">rda</subfield>
    <subfield code="c">WMM</subfield>
  </datafield>
  <datafield tag="100" ind1="1" ind2=" ">
    <subfield code="a">Lin, Martin</subfield>
  </datafield>
  <datafield tag="372" ind1=" " ind2=" ">
    <subfield code="a">Philosophy</subfield>
    <subfield code="2">lcsh</subfield>
  </datafield>
  <datafield tag="373" ind1=" " ind2=" ">
    <subfield code="a">Rutgers University</subfield>
    <subfield code="2">naf</subfield>
  </datafield>
  <datafield tag="374" ind1=" " ind2=" ">
    <subfield code="a">College teachers</subfield>
    <subfield code="2">lcsh</subfield>
  </datafield>
  <datafield tag="375" ind1=" " ind2=" ">
    <subfield code="a">Males</subfield>
    <subfield code="2">lcdgt</subfield>
  </datafield>
  <datafield tag="670" ind1=" " ind2=" ">
    <subfield code="a">Lin, Martin. Being and reason, 2019:</subfield>
    <subfield code="b">title page (Martin Lin)</subfield>
  </datafield>
  <datafield tag="670" ind1=" " ind2=" ">
    <subfield code="a">Rutgers University Philosophy Department website, viewed November 18, 2019:</subfield>
    <subfield code="b">People/faculty (Martin Lin; Associate professor, Ph.D., University of Chicago; works primarily on early modern philosophy, with emphasis on the rationalists. Alternatively, one could say he works on metaphysics with the rationalists as his principle interlocutors)</subfield>
    <subfield code="u">https://philosophy.rutgers.edu/people/faculty/details/182-faculty1/faculty-profiles/613-mlin</subfield>
  </datafield>
  <datafield tag="670" ind1=" " ind2=" ">
    <subfield code="a">Curriculum vitae at Academia.edu, viewed online November 18, 2019</subfield>
    <subfield code="b">(Martin Lin; Associate Professor, Dept. of Philosophy, Rutgers University (2007-present); Associate Professor with tenure, Dept. of Humanities and Dept. of Philosophy, University of Toronto (2007-2008); Assistant Professor, University of Toronto (2001-2007). Education: University of Chicago, Dept. of Philosophy, Ph.D. (1994-2001); New York University, Gallatin Division, B.A. (1989-1993). Area of specialization: early modern philosophy; areas of competence: metaphysics, epistemology, ancient philosophy)</subfield>
    <subfield code="u">http://www.philosophy.rutgers.edu/joomlatools-files/docman-files/Lin%20cv.pdf</subfield>
  </datafield>
</record>