
<record>
  <leader>00524nz  a2200133n  4500</leader>
  <controlfield tag="001">11258517</controlfield>
  <controlfield tag="003">DLC</controlfield>
  <controlfield tag="005">20200104073108.0</controlfield>
  <controlfield tag="008">200103n| azannaabn          |n aaa     c</controlfield>
  <datafield tag="010" ind1=" " ind2=" ">
    <subfield code="a">no2020000845</subfield>
  </datafield>
  <datafield tag="035" ind1=" " ind2=" ">
    <subfield code="a">(OCoLC)oca12670266</subfield>
  </datafield>
  <datafield tag="040" ind1=" " ind2=" ">
    <subfield code="a">CaBVa</subfield>
    <subfield code="b">eng</subfield>
    <subfield code="e">rda</subfield>
    <subfield code="c">CaBVa</subfield>
  </datafield>
  <datafield tag="100" ind1="1" ind2=" ">
    <subfield code="a">Bowers, David George</subfield>
  </datafield>
  <datafield tag="670" ind1=" " ind2=" ">
    <subfield code="a">Tides, 2019:</subfield>
    <subfield code="b">title page (David George Bowers) cover flap (David George Bowers is Emeritus Professor of Physical Oceanography at Bangor University; has worked as a Research Fellow at Flinders University of South Australia)</subfield>
  </datafield>
</record>