
<record>
  <leader>00749nz  a2200169n  4500</leader>
  <controlfield tag="001">11258518</controlfield>
  <controlfield tag="003">DLC</controlfield>
  <controlfield tag="005">20200104073108.0</controlfield>
  <controlfield tag="008">200103n| azannaabn          |a ana     c</controlfield>
  <datafield tag="010" ind1=" " ind2=" ">
    <subfield code="a">no2020000846</subfield>
  </datafield>
  <datafield tag="035" ind1=" " ind2=" ">
    <subfield code="a">(OCoLC)oca12670267</subfield>
  </datafield>
  <datafield tag="040" ind1=" " ind2=" ">
    <subfield code="a">MH</subfield>
    <subfield code="b">eng</subfield>
    <subfield code="e">rda</subfield>
    <subfield code="c">MH</subfield>
  </datafield>
  <datafield tag="111" ind1="2" ind2=" ">
    <subfield code="a">Phicaria (Conference)</subfield>
    <subfield code="n">(7th :</subfield>
    <subfield code="c">Mazarrón, Spain)</subfield>
  </datafield>
  <datafield tag="368" ind1=" " ind2=" ">
    <subfield code="a">Congresses and conventions</subfield>
    <subfield code="2">lcsh</subfield>
  </datafield>
  <datafield tag="411" ind1="2" ind2=" ">
    <subfield code="a">Encuentros Internacionales del Mediterráneo</subfield>
    <subfield code="n">(7th :</subfield>
    <subfield code="c">Mazarrón, Spain)</subfield>
  </datafield>
  <datafield tag="411" ind1="2" ind2=" ">
    <subfield code="a">Congreso Internacional de Phicaria</subfield>
    <subfield code="n">(7th :</subfield>
    <subfield code="c">Mazarrón, Spain)</subfield>
  </datafield>
  <datafield tag="670" ind1=" " ind2=" ">
    <subfield code="a">Phicaria (Conference) (7th : Mazarrón, Spain). Phicaria, 2019:</subfield>
    <subfield code="b">cover (Phicaria, VII Encuentros Internacionales del Mediterráneo) page 9 (held at Mazarrón) page 10 (Congreso Internacional de Phicaria)</subfield>
  </datafield>
</record>