
<record>
  <leader>00988nz  a2200217n  4500</leader>
  <controlfield tag="001">11258520</controlfield>
  <controlfield tag="003">DLC</controlfield>
  <controlfield tag="005">20200104073109.0</controlfield>
  <controlfield tag="008">200103n| azannaabn          |n aaa     c</controlfield>
  <datafield tag="010" ind1=" " ind2=" ">
    <subfield code="a">no2020000852</subfield>
  </datafield>
  <datafield tag="035" ind1=" " ind2=" ">
    <subfield code="a">(OCoLC)oca12670273</subfield>
  </datafield>
  <datafield tag="040" ind1=" " ind2=" ">
    <subfield code="a">PPi-MA</subfield>
    <subfield code="b">eng</subfield>
    <subfield code="e">rda</subfield>
    <subfield code="c">PPi-MA</subfield>
  </datafield>
  <datafield tag="100" ind1="1" ind2=" ">
    <subfield code="a">Kuester, Nicolee</subfield>
  </datafield>
  <datafield tag="370" ind1=" " ind2=" ">
    <subfield code="f">New York (N.Y.)</subfield>
    <subfield code="2">naf</subfield>
  </datafield>
  <datafield tag="374" ind1=" " ind2=" ">
    <subfield code="a">Horn players</subfield>
    <subfield code="2">lcsh</subfield>
  </datafield>
  <datafield tag="375" ind1=" " ind2=" ">
    <subfield code="a">Females</subfield>
    <subfield code="2">lcdgt</subfield>
  </datafield>
  <datafield tag="378" ind1=" " ind2=" ">
    <subfield code="q">Nicolee S.</subfield>
  </datafield>
  <datafield tag="670" ind1=" " ind2=" ">
    <subfield code="a">Chamber music, 2019:</subfield>
    <subfield code="b">container (Nicolee Kuester, horn)</subfield>
  </datafield>
  <datafield tag="670" ind1=" " ind2=" ">
    <subfield code="a">OCLC #801696397</subfield>
    <subfield code="b">(access point: Kuester, Nicolee S.; M.A., University of California, San Diego, 2012)</subfield>
  </datafield>
  <datafield tag="670" ind1=" " ind2=" ">
    <subfield code="a">Nicolee Kuester WWW site, January 3, 2020</subfield>
    <subfield code="b">(Nicolee Kuester; New York-based horn player; holds undergraduate degrees in music performance and creative writing from Oberlin Conservatory, and is completing her DMA in contemporary horn performance at UC San Diego)</subfield>
  </datafield>
  <datafield tag="670" ind1=" " ind2=" ">
    <subfield code="a">Oberlin College &amp; Conservatory WWW site, January 3, 2020</subfield>
    <subfield code="b">(Nicolee Kuester; class of 2010)</subfield>
  </datafield>
</record>