
<record>
  <leader>00599nz  a2200181n  4500</leader>
  <controlfield tag="001">11258524</controlfield>
  <controlfield tag="003">DLC</controlfield>
  <controlfield tag="005">20200104073109.0</controlfield>
  <controlfield tag="008">200103n| azannaabn          |a aaa     c</controlfield>
  <datafield tag="010" ind1=" " ind2=" ">
    <subfield code="a">no2020000863</subfield>
  </datafield>
  <datafield tag="035" ind1=" " ind2=" ">
    <subfield code="a">(OCoLC)oca12670284</subfield>
  </datafield>
  <datafield tag="040" ind1=" " ind2=" ">
    <subfield code="a">ICrlF</subfield>
    <subfield code="b">eng</subfield>
    <subfield code="e">rda</subfield>
    <subfield code="c">ICrlF</subfield>
  </datafield>
  <datafield tag="100" ind1="1" ind2=" ">
    <subfield code="a">Green, Hank.</subfield>
    <subfield code="t">Absolutely remarkable thing.</subfield>
    <subfield code="l">Spanish</subfield>
  </datafield>
  <datafield tag="377" ind1=" " ind2=" ">
    <subfield code="a">spa</subfield>
  </datafield>
  <datafield tag="381" ind1=" " ind2=" ">
    <subfield code="a">Sobregués</subfield>
  </datafield>
  <datafield tag="400" ind1="1" ind2=" ">
    <subfield code="a">Green, Hank.</subfield>
    <subfield code="t">Algo absolutamente extraordinario</subfield>
  </datafield>
  <datafield tag="500" ind1="1" ind2=" ">
    <subfield code="w">r</subfield>
    <subfield code="i">Translator:</subfield>
    <subfield code="a">Sobregués, Noemí</subfield>
  </datafield>
  <datafield tag="670" ind1=" " ind2=" ">
    <subfield code="a">Green, Hank. Algo absolutamente extraordinario, 2019:</subfield>
    <subfield code="b">title page (Translated by Noemí Sobregués)</subfield>
  </datafield>
</record>