
<record>
  <leader>02242nz  a2200217n  4500</leader>
  <controlfield tag="001">11258525</controlfield>
  <controlfield tag="003">DLC</controlfield>
  <controlfield tag="005">20200104073109.0</controlfield>
  <controlfield tag="008">200103n| azannaabn          |n aaa     c</controlfield>
  <datafield tag="010" ind1=" " ind2=" ">
    <subfield code="a">no2020000864</subfield>
  </datafield>
  <datafield tag="035" ind1=" " ind2=" ">
    <subfield code="a">(OCoLC)oca12670285</subfield>
  </datafield>
  <datafield tag="040" ind1=" " ind2=" ">
    <subfield code="a">WMM</subfield>
    <subfield code="b">eng</subfield>
    <subfield code="e">rda</subfield>
    <subfield code="c">WMM</subfield>
  </datafield>
  <datafield tag="100" ind1="1" ind2=" ">
    <subfield code="a">Pathak, Sunil</subfield>
  </datafield>
  <datafield tag="370" ind1=" " ind2=" ">
    <subfield code="c">Malaysia</subfield>
    <subfield code="2">naf</subfield>
  </datafield>
  <datafield tag="372" ind1=" " ind2=" ">
    <subfield code="a">Engineering</subfield>
    <subfield code="a">Manufacturing processes</subfield>
    <subfield code="2">lcsh</subfield>
  </datafield>
  <datafield tag="373" ind1=" " ind2=" ">
    <subfield code="a">Universiti Malaysia Pahang</subfield>
    <subfield code="2">naf</subfield>
  </datafield>
  <datafield tag="374" ind1=" " ind2=" ">
    <subfield code="a">College teachers</subfield>
    <subfield code="2">lcsh</subfield>
  </datafield>
  <datafield tag="375" ind1=" " ind2=" ">
    <subfield code="a">Males</subfield>
    <subfield code="2">lcdgt</subfield>
  </datafield>
  <datafield tag="377" ind1=" " ind2=" ">
    <subfield code="a">eng</subfield>
  </datafield>
  <datafield tag="670" ind1=" " ind2=" ">
    <subfield code="a">Pathak, Sunil. Finishing of conical gears by pulsed electrochemical honing, 2019:</subfield>
    <subfield code="b">title page (by Sunil Pathak, Neelesh K Jain and I A Palani) cover page 4 (Senior Lecturer in the Faculty of Engineering Technology at Universiti Malaysia Pahang, Malaysia. He obtained his Ph.D. in Advanced Manufacturing from the Indian Institute of Technology Indore in 2016, and he is specialized in gear engineering and advanced and hybrid manufacturing processes. He has conducted extensive research on the advanced finishing of gears, and has published five book chapters and over 20 research articles)</subfield>
  </datafield>
  <datafield tag="670" ind1=" " ind2=" ">
    <subfield code="a">Cambridge Scholars Publishing website, viewed November 20, 2019:</subfield>
    <subfield code="b">Advisory Board (Dr. Sunil Pathak; he possesses specialized skills in gear finishing, gear metrology (micro- and macro-geometry) and the measurement of gear accuracy. Recently he has been working on the machining of difficult-to-machine materials using advanced machining processes such as EDM and WEDM. He is also working on developing cold spray coatings as a sustainable process for the manufacturing of 3D additive manufacturing components and repair/remanufacturing engineering. Sunil also has expertise in developing analytical models of manufacturing processes and optimizing parameters to achieve overall sustainability in manufacturing. In recent years, he has published research articles on the development of mathematical models for the finishing of straight bevel gears. He is a recognized reviewer for many international journals in the field of advanced and sustainable manufacturing, and is actively involved in various sponsored research projects on advanced manufacturing processes)</subfield>
    <subfield code="u">https://www.cambridgescholars.com/t/AdvisoryBoardSunil</subfield>
  </datafield>
</record>