
<record>
  <leader>00663nz  a2200181n  4500</leader>
  <controlfield tag="001">11258527</controlfield>
  <controlfield tag="003">DLC</controlfield>
  <controlfield tag="005">20200104073110.0</controlfield>
  <controlfield tag="008">200103n| azannaabn          |a ana     c</controlfield>
  <datafield tag="010" ind1=" " ind2=" ">
    <subfield code="a">no2020000866</subfield>
  </datafield>
  <datafield tag="035" ind1=" " ind2=" ">
    <subfield code="a">(OCoLC)oca12670287</subfield>
  </datafield>
  <datafield tag="040" ind1=" " ind2=" ">
    <subfield code="a">IEN</subfield>
    <subfield code="b">eng</subfield>
    <subfield code="e">rda</subfield>
    <subfield code="c">IEN</subfield>
  </datafield>
  <datafield tag="046" ind1=" " ind2=" ">
    <subfield code="s">1984</subfield>
    <subfield code="2">edtf</subfield>
  </datafield>
  <datafield tag="110" ind1="2" ind2=" ">
    <subfield code="a">Endocrine and Metabolism Society of Nigeria</subfield>
  </datafield>
  <datafield tag="370" ind1=" " ind2=" ">
    <subfield code="c">Nigeria</subfield>
    <subfield code="e">Lagos (Nigeria)</subfield>
    <subfield code="2">naf</subfield>
  </datafield>
  <datafield tag="410" ind1="2" ind2=" ">
    <subfield code="a">EMSON</subfield>
  </datafield>
  <datafield tag="670" ind1=" " ind2=" ">
    <subfield code="a">Conference brochure &amp; book of abstracts, 2018:</subfield>
    <subfield code="b">cover (Endocrine and Metabolism Society of Nigeria (EMSON))</subfield>
  </datafield>
  <datafield tag="670" ind1=" " ind2=" ">
    <subfield code="a">Endocrine and Metabolism Society of Nigeria, viewed January 3, 2020</subfield>
    <subfield code="b">about (founded in Lagos in 1978, secretariat in Lagos)</subfield>
  </datafield>
</record>