
<record>
  <leader>00718nz  a2200205n  4500</leader>
  <controlfield tag="001">11258529</controlfield>
  <controlfield tag="003">DLC</controlfield>
  <controlfield tag="005">20200104073110.0</controlfield>
  <controlfield tag="008">200103n| azannaabn          |a aaa     c</controlfield>
  <datafield tag="010" ind1=" " ind2=" ">
    <subfield code="a">no2020000868</subfield>
  </datafield>
  <datafield tag="035" ind1=" " ind2=" ">
    <subfield code="a">(OCoLC)oca12670289</subfield>
  </datafield>
  <datafield tag="040" ind1=" " ind2=" ">
    <subfield code="a">UPB</subfield>
    <subfield code="b">eng</subfield>
    <subfield code="e">rda</subfield>
    <subfield code="c">UPB</subfield>
  </datafield>
  <datafield tag="046" ind1=" " ind2=" ">
    <subfield code="f">1918-04-06</subfield>
    <subfield code="g">2013-10-24</subfield>
    <subfield code="2">edtf</subfield>
  </datafield>
  <datafield tag="100" ind1="1" ind2=" ">
    <subfield code="a">Norman, Zada Howell,</subfield>
    <subfield code="d">1918-2013</subfield>
  </datafield>
  <datafield tag="370" ind1=" " ind2=" ">
    <subfield code="a">Fairview (Utah)</subfield>
    <subfield code="b">Sandy (Utah)</subfield>
    <subfield code="2">naf</subfield>
  </datafield>
  <datafield tag="375" ind1=" " ind2=" ">
    <subfield code="a">Females</subfield>
    <subfield code="2">lcdgt</subfield>
  </datafield>
  <datafield tag="377" ind1=" " ind2=" ">
    <subfield code="a">eng</subfield>
  </datafield>
  <datafield tag="400" ind1="1" ind2=" ">
    <subfield code="a">Howell, Zada Fern,</subfield>
    <subfield code="d">1918-2013</subfield>
  </datafield>
  <datafield tag="670" ind1=" " ind2=" ">
    <subfield code="a">Zada Howell Norman letters, 1969-2005</subfield>
    <subfield code="b">(Zada Howell Norman)</subfield>
  </datafield>
  <datafield tag="670" ind1=" " ind2=" ">
    <subfield code="a">Ancestry, viewed 18 December 2019</subfield>
    <subfield code="b">(Zada Fern Howell; b. 6 Apr 1918 in Fairview, Utah; d. 24 Oct 2013 in Sandy, Utah; m. Herbert Rex Norman)</subfield>
  </datafield>
</record>