
<record>
  <leader>00557nz  a2200145n  4500</leader>
  <controlfield tag="001">11258530</controlfield>
  <controlfield tag="003">DLC</controlfield>
  <controlfield tag="005">20200104073110.0</controlfield>
  <controlfield tag="008">200103n| azannaabn          |n aaa     c</controlfield>
  <datafield tag="010" ind1=" " ind2=" ">
    <subfield code="a">no2020000869</subfield>
  </datafield>
  <datafield tag="035" ind1=" " ind2=" ">
    <subfield code="a">(OCoLC)oca12670290</subfield>
  </datafield>
  <datafield tag="040" ind1=" " ind2=" ">
    <subfield code="a">CaBVa</subfield>
    <subfield code="b">eng</subfield>
    <subfield code="e">rda</subfield>
    <subfield code="c">CaBVa</subfield>
  </datafield>
  <datafield tag="100" ind1="1" ind2=" ">
    <subfield code="a">Foltz, Pryde</subfield>
  </datafield>
  <datafield tag="375" ind1=" " ind2=" ">
    <subfield code="a">female</subfield>
  </datafield>
  <datafield tag="670" ind1=" " ind2=" ">
    <subfield code="a">The tall man, 2019:</subfield>
    <subfield code="b">title page (Pryde Foltz) about the author (Pryde was born in Winnipeg; attended high school in Calgary, Alberta; moved to Vancouver where she obtained a B.A. in Theatre and a B.Ed. at the University of British Columbia)</subfield>
  </datafield>
</record>