
<record>
  <leader>01014nz  a2200193n  4500</leader>
  <controlfield tag="001">11258531</controlfield>
  <controlfield tag="003">DLC</controlfield>
  <controlfield tag="005">20200104073110.0</controlfield>
  <controlfield tag="008">200103n| azannaabn          |n aaa     c</controlfield>
  <datafield tag="010" ind1=" " ind2=" ">
    <subfield code="a">no2020000870</subfield>
  </datafield>
  <datafield tag="035" ind1=" " ind2=" ">
    <subfield code="a">(OCoLC)oca12670291</subfield>
  </datafield>
  <datafield tag="040" ind1=" " ind2=" ">
    <subfield code="a">OkU</subfield>
    <subfield code="b">eng</subfield>
    <subfield code="e">rda</subfield>
    <subfield code="c">OkU</subfield>
  </datafield>
  <datafield tag="046" ind1=" " ind2=" ">
    <subfield code="f">1903-01-28</subfield>
    <subfield code="g">1969-12</subfield>
    <subfield code="2">edtf</subfield>
  </datafield>
  <datafield tag="100" ind1="1" ind2=" ">
    <subfield code="a">Rowe, Viola,</subfield>
    <subfield code="d">1903-1969</subfield>
  </datafield>
  <datafield tag="378" ind1=" " ind2=" ">
    <subfield code="q">Viola Christine</subfield>
  </datafield>
  <datafield tag="670" ind1=" " ind2=" ">
    <subfield code="a">Oh, brother, 1955:</subfield>
    <subfield code="b">title page (Viola Rowe)</subfield>
  </datafield>
  <datafield tag="670" ind1=" " ind2=" ">
    <subfield code="a">Contemporary authors, volumes 1-4, first revision, 1967:</subfield>
    <subfield code="b">(Viola Carson Rowe, b. Melrose Park, Ill., maiden name Carson; residence, Elmhurst, Ill., married Raymond Hillard Rowe)</subfield>
  </datafield>
  <datafield tag="670" ind1=" " ind2=" ">
    <subfield code="a">FamilySearch, Jan. 2, 2020:</subfield>
    <subfield code="b">United States Census, 1940 (Viola C Rowe in household of Raymond H Rowe, Ward 5, Elmhurst, York Township, DuPage, Illinois, United States, age 37) Illinois, Cook County, Birth Certificates, 1871-1940 (Viola Christine Carson, 28 Jan 1903; Melrose Park)</subfield>
  </datafield>
  <datafield tag="670" ind1=" " ind2=" ">
    <subfield code="a">Social Security death index, Jan. 2, 2020:</subfield>
    <subfield code="b">(Viola Rowe, b. Jan. 28, 1903; d. Dec. 1969)</subfield>
  </datafield>
</record>