
<record>
  <leader>00573nz  a2200181n  4500</leader>
  <controlfield tag="001">11258533</controlfield>
  <controlfield tag="003">DLC</controlfield>
  <controlfield tag="005">20200104073110.0</controlfield>
  <controlfield tag="008">200103n| azannaabn          |a aaa     c</controlfield>
  <datafield tag="010" ind1=" " ind2=" ">
    <subfield code="a">no2020000872</subfield>
  </datafield>
  <datafield tag="035" ind1=" " ind2=" ">
    <subfield code="a">(OCoLC)oca12670293</subfield>
  </datafield>
  <datafield tag="040" ind1=" " ind2=" ">
    <subfield code="a">ICrlF</subfield>
    <subfield code="b">eng</subfield>
    <subfield code="e">rda</subfield>
    <subfield code="c">ICrlF</subfield>
  </datafield>
  <datafield tag="100" ind1="1" ind2=" ">
    <subfield code="a">Aliaga, Roberto,</subfield>
    <subfield code="d">1976-</subfield>
    <subfield code="t">Luciernágas.</subfield>
    <subfield code="l">English</subfield>
  </datafield>
  <datafield tag="377" ind1=" " ind2=" ">
    <subfield code="a">eng</subfield>
  </datafield>
  <datafield tag="381" ind1=" " ind2=" ">
    <subfield code="a">Brokenbrow</subfield>
  </datafield>
  <datafield tag="400" ind1="1" ind2=" ">
    <subfield code="a">Aliaga, Roberto,</subfield>
    <subfield code="d">1976-</subfield>
    <subfield code="t">Fireflies</subfield>
  </datafield>
  <datafield tag="500" ind1="1" ind2=" ">
    <subfield code="w">r</subfield>
    <subfield code="i">Translator:</subfield>
    <subfield code="a">Brokenbrow, Jon</subfield>
  </datafield>
  <datafield tag="670" ind1=" " ind2=" ">
    <subfield code="a">Aliaga, Roberto. Fireflies, 2019:</subfield>
    <subfield code="b">page facing title page (English translation by Jon Brokenbrow)</subfield>
  </datafield>
</record>