
<record>
  <leader>01981nz  a2200229n  4500</leader>
  <controlfield tag="001">11258534</controlfield>
  <controlfield tag="003">DLC</controlfield>
  <controlfield tag="005">20200104073111.0</controlfield>
  <controlfield tag="008">200103n| azannaabn          |a aaa     c</controlfield>
  <datafield tag="010" ind1=" " ind2=" ">
    <subfield code="a">no2020000873</subfield>
  </datafield>
  <datafield tag="035" ind1=" " ind2=" ">
    <subfield code="a">(OCoLC)oca12670294</subfield>
  </datafield>
  <datafield tag="040" ind1=" " ind2=" ">
    <subfield code="a">WMM</subfield>
    <subfield code="b">eng</subfield>
    <subfield code="e">rda</subfield>
    <subfield code="c">WMM</subfield>
  </datafield>
  <datafield tag="100" ind1="1" ind2=" ">
    <subfield code="a">Estrada-González, Luis</subfield>
    <subfield code="c">(Ph.D. in philosophy)</subfield>
  </datafield>
  <datafield tag="370" ind1=" " ind2=" ">
    <subfield code="c">Mexico</subfield>
    <subfield code="2">naf</subfield>
  </datafield>
  <datafield tag="372" ind1=" " ind2=" ">
    <subfield code="a">Logic</subfield>
    <subfield code="a">Philosophy</subfield>
    <subfield code="2">lcsh</subfield>
  </datafield>
  <datafield tag="373" ind1=" " ind2=" ">
    <subfield code="a">Universidad Nacional Autónoma de México</subfield>
    <subfield code="a">Universidad Autónoma del Estado de Morelos</subfield>
    <subfield code="2">naf</subfield>
  </datafield>
  <datafield tag="375" ind1=" " ind2=" ">
    <subfield code="a">Males</subfield>
    <subfield code="2">lcdgt</subfield>
  </datafield>
  <datafield tag="377" ind1=" " ind2=" ">
    <subfield code="a">eng</subfield>
    <subfield code="a">spa</subfield>
  </datafield>
  <datafield tag="400" ind1="1" ind2=" ">
    <subfield code="a">González, Luis Estrada</subfield>
  </datafield>
  <datafield tag="670" ind1=" " ind2=" ">
    <subfield code="a">Cohnitz, Daniel. An introduction to the philosophy of logic, 2019:</subfield>
    <subfield code="b">title page (Daniel Cohnitz, Luis Estrada-González) cover page 4 (associate researcher at the Institute for Philosophical Research at the National Autonomous University of Mexico. His research focuses on logic and its philosophy)</subfield>
  </datafield>
  <datafield tag="670" ind1=" " ind2=" ">
    <subfield code="a">Universidad Nacional Autónoma de México website, viewed November 19, 2019:</subfield>
    <subfield code="b">Instituto de Investigaciones Filosóficas (Luis Estrada González;  his main research is focused on philosophy of logic, especially the problems of logicality, general theories of logic(s) and criteria for logical constancy.  He also explores the implications of those discussions for debates in metaphysics and the philosophies of language and mathematics. Before joining the Institute as an Associate Research Fellow, he was Mobilitas Research Fellow at the Department of Philosophy, University of Tartu (Estonia). He received his Ph.D. in contemporary philosophy from the Universidad Autónoma del Estado de Morelos, an M.A. in philosophy of science from UNAM, and a B.A. in philosophy from the Benemérita Universidad Autónoma de Puebla)</subfield>
    <subfield code="u">http://www.filosoficas.unam.mx/sitio/luis-estrada</subfield>
  </datafield>
  <datafield tag="670" ind1=" " ind2=" ">
    <subfield code="a">Academia website, viewed November 19, 2019</subfield>
    <subfield code="b">(Luis Estrada-González; list of publications includes articles in Spanish)</subfield>
    <subfield code="u">https://unam.academia.edu/LuisEstradaGonz%C3%A1lez</subfield>
  </datafield>
</record>