
<record>
  <leader>00573nz  a2200157n  4500</leader>
  <controlfield tag="001">11258536</controlfield>
  <controlfield tag="003">DLC</controlfield>
  <controlfield tag="005">20200104073111.0</controlfield>
  <controlfield tag="008">200103n| azannaabn          |n aaa     c</controlfield>
  <datafield tag="010" ind1=" " ind2=" ">
    <subfield code="a">no2020000882</subfield>
  </datafield>
  <datafield tag="035" ind1=" " ind2=" ">
    <subfield code="a">(OCoLC)oca12670303</subfield>
  </datafield>
  <datafield tag="040" ind1=" " ind2=" ">
    <subfield code="a">NcGU</subfield>
    <subfield code="b">eng</subfield>
    <subfield code="e">rda</subfield>
    <subfield code="c">NcGU</subfield>
  </datafield>
  <datafield tag="046" ind1=" " ind2=" ">
    <subfield code="f">2000-12-04</subfield>
    <subfield code="2">edtf</subfield>
  </datafield>
  <datafield tag="100" ind1="1" ind2=" ">
    <subfield code="a">Mitchell, Mira,</subfield>
    <subfield code="d">2000-</subfield>
  </datafield>
  <datafield tag="670" ind1=" " ind2=" ">
    <subfield code="a">Unga Astrid, 2019:</subfield>
    <subfield code="b">credits (Mira Mitchell)</subfield>
  </datafield>
  <datafield tag="670" ind1=" " ind2=" ">
    <subfield code="a">IMDb, viewed January 3, 2020:</subfield>
    <subfield code="b">Mira Mitchell (Mira Nilsson Mitchell; actress born December 4, 2000 in Stockholm, Sweden)</subfield>
    <subfield code="u">https://www.imdb.com/name/nm6809217/?ref_=ttfc_fc_cl_t11</subfield>
  </datafield>
</record>