
<record>
  <leader>00391nz  a2200133n  4500</leader>
  <controlfield tag="001">11258537</controlfield>
  <controlfield tag="003">DLC</controlfield>
  <controlfield tag="005">20200104073111.0</controlfield>
  <controlfield tag="008">200103n| azannaabn          |n aaa     c</controlfield>
  <datafield tag="010" ind1=" " ind2=" ">
    <subfield code="a">no2020000883</subfield>
  </datafield>
  <datafield tag="035" ind1=" " ind2=" ">
    <subfield code="a">(OCoLC)oca12670304</subfield>
  </datafield>
  <datafield tag="040" ind1=" " ind2=" ">
    <subfield code="a">RPCL</subfield>
    <subfield code="b">eng</subfield>
    <subfield code="e">rda</subfield>
    <subfield code="c">RPCL</subfield>
  </datafield>
  <datafield tag="100" ind1="1" ind2=" ">
    <subfield code="a">Warkentin, Elizabeth</subfield>
  </datafield>
  <datafield tag="670" ind1=" " ind2=" ">
    <subfield code="a">Jepson, Tim. Fodor&apos;s 25 best Montréal, 2019:</subfield>
    <subfield code="b">title page (updated by Elizabeth Warkentin)</subfield>
  </datafield>
</record>