
<record>
  <leader>01917nz  a2200229n  4500</leader>
  <controlfield tag="001">11258541</controlfield>
  <controlfield tag="003">DLC</controlfield>
  <controlfield tag="005">20200104073112.0</controlfield>
  <controlfield tag="008">200103n| azannaabn          |n aaa     c</controlfield>
  <datafield tag="010" ind1=" " ind2=" ">
    <subfield code="a">no2020000887</subfield>
  </datafield>
  <datafield tag="035" ind1=" " ind2=" ">
    <subfield code="a">(OCoLC)oca12670308</subfield>
  </datafield>
  <datafield tag="040" ind1=" " ind2=" ">
    <subfield code="a">WMM</subfield>
    <subfield code="b">eng</subfield>
    <subfield code="e">rda</subfield>
    <subfield code="c">WMM</subfield>
  </datafield>
  <datafield tag="100" ind1="1" ind2=" ">
    <subfield code="a">Pegan, Philip</subfield>
  </datafield>
  <datafield tag="370" ind1=" " ind2=" ">
    <subfield code="f">Pennsylvania</subfield>
    <subfield code="2">naf</subfield>
  </datafield>
  <datafield tag="372" ind1=" " ind2=" ">
    <subfield code="a">Philosophy</subfield>
    <subfield code="2">lcsh</subfield>
  </datafield>
  <datafield tag="374" ind1=" " ind2=" ">
    <subfield code="a">College teachers</subfield>
    <subfield code="2">lcsh</subfield>
  </datafield>
  <datafield tag="375" ind1=" " ind2=" ">
    <subfield code="a">Males</subfield>
    <subfield code="2">lcdgt</subfield>
  </datafield>
  <datafield tag="377" ind1=" " ind2=" ">
    <subfield code="a">eng</subfield>
  </datafield>
  <datafield tag="670" ind1=" " ind2=" ">
    <subfield code="a">G.E.M. Anscombe and the Catholic intellectual tradition, 2016:</subfield>
    <subfield code="b">title page (edited by John Mizzoni, Philip Pegan &amp; Geoffrey Karabin) cover page 4 (Associate Professor of Philosophy at Neumann University)</subfield>
  </datafield>
  <datafield tag="670" ind1=" " ind2=" ">
    <subfield code="a">Neumann University website, viewed December 18, 2019:</subfield>
    <subfield code="b">Academics, Divisions, Arts &amp; Sciences, Faculty (Philip R. Pegan; Associate Professor, Philosophy. B.S., Cornell University; Ph.D., Syracuse University. After completing his undergraduate degree Dr. Pegan worked for some years in a L&apos;Arche community for people with developmental disabilities. While he found this work immensely fulfilling he had a strong desire to continue his education and become a teacher. Though his dissertation was in the philosophy of language, he has long had a deep interest in many of life&apos;s big questions, such as questions about human nature, freedom and moral responsibility, ethics and morality, and the existence of God and an afterlife. He enjoys thinking and writing about these questions, and exploring them with students both in and outside of the classroom)</subfield>
    <subfield code="u">https://www.neumann.edu/academics/divisions/arts_sciences/faculty.asp</subfield>
  </datafield>
  <datafield tag="670" ind1=" " ind2=" ">
    <subfield code="a">Syracuse University Libraries&apos; SURFACE website, viewed December 18, 2019:</subfield>
    <subfield code="b">Philosophy Dissertations (Philip R. Pegan; &quot;The Nature of Assertion,&quot; June, 2012; Doctor of Philosophy (Ph.D.))</subfield>
    <subfield code="u">https://surface.syr.edu/phi_etd/12/</subfield>
  </datafield>
  <datafield tag="670" ind1=" " ind2=" ">
    <subfield code="a">OCLC, viewed December 8, 2019</subfield>
    <subfield code="b">(headings: Pegan, Philip R.; Pegan, Philip)</subfield>
  </datafield>
</record>
</collection>
